%YAML 1.1
%TAG !u! tag:unity3d.com,2011:
--- !u!29 &1
SceneSettings:
  m_ObjectHideFlags: 0
  m_PVSData: 
  m_PVSObjectsArray: []
  m_PVSPortalsArray: []
  m_OcclusionBakeSettings:
    smallestOccluder: 5
    smallestHole: 0.25
    backfaceThreshold: 100
--- !u!104 &2
RenderSettings:
  m_ObjectHideFlags: 0
  serializedVersion: 6
  m_Fog: 0
  m_FogColor: {r: 0.5, g: 0.5, b: 0.5, a: 1}
  m_FogMode: 3
  m_FogDensity: 0.01
  m_LinearFogStart: 0
  m_LinearFogEnd: 300
  m_AmbientSkyColor: {r: 0.212, g: 0.227, b: 0.259, a: 1}
  m_AmbientEquatorColor: {r: 0.114, g: 0.125, b: 0.133, a: 1}
  m_AmbientGroundColor: {r: 0.047, g: 0.043, b: 0.035, a: 1}
  m_AmbientIntensity: 1
  m_AmbientMode: 0
  m_SkyboxMaterial: {fileID: 10304, guid: 0000000000000000f000000000000000, type: 0}
  m_HaloStrength: 0.5
  m_FlareStrength: 1
  m_FlareFadeSpeed: 3
  m_HaloTexture: {fileID: 0}
  m_SpotCookie: {fileID: 10001, guid: 0000000000000000e000000000000000, type: 0}
  m_DefaultReflectionMode: 0
  m_DefaultReflectionResolution: 128
  m_ReflectionBounces: 1
  m_ReflectionIntensity: 1
  m_CustomReflection: {fileID: 0}
  m_Sun: {fileID: 0}
--- !u!157 &3
LightmapSettings:
  m_ObjectHideFlags: 0
  serializedVersion: 6
  m_GIWorkflowMode: 1
  m_LightmapsMode: 1
  m_GISettings:
    serializedVersion: 2
    m_BounceScale: 1
    m_IndirectOutputScale: 1
    m_AlbedoBoost: 1
    m_TemporalCoherenceThreshold: 1
    m_EnvironmentLightingMode: 0
    m_EnableBakedLightmaps: 1
    m_EnableRealtimeLightmaps: 1
  m_LightmapEditorSettings:
    serializedVersion: 3
    m_Resolution: 2
    m_BakeResolution: 40
    m_TextureWidth: 1024
    m_TextureHeight: 1024
    m_AOMaxDistance: 1
    m_Padding: 2
    m_CompAOExponent: 0
    m_LightmapParameters: {fileID: 0}
    m_TextureCompression: 1
    m_FinalGather: 0
    m_FinalGatherRayCount: 1024
    m_ReflectionCompression: 2
  m_LightingDataAsset: {fileID: 112000001, guid: 098344dfaf4b1e04e9c5eb75f4509dd6,
    type: 2}
  m_RuntimeCPUUsage: 25
--- !u!196 &4
NavMeshSettings:
  serializedVersion: 2
  m_ObjectHideFlags: 0
  m_BuildSettings:
    serializedVersion: 2
    agentRadius: 0.5
    agentHeight: 2
    agentSlope: 45
    agentClimb: 0.4
    ledgeDropHeight: 0
    maxJumpAcrossDistance: 0
    accuratePlacement: 0
    minRegionArea: 2
    cellSize: 0.16666667
    manualCellSize: 0
  m_NavMeshData: {fileID: 0}
--- !u!1 &27640843
GameObject:
  m_ObjectHideFlags: 0
  m_PrefabParentObject: {fileID: 0}
  m_PrefabInternal: {fileID: 0}
  serializedVersion: 4
  m_Component:
  - 4: {fileID: 27640845}
  - 61: {fileID: 27640844}
  - 114: {fileID: 27640846}
  m_Layer: 0
  m_Name: CannonTrigger
  m_TagString: Untagged
  m_Icon: {fileID: 0}
  m_NavMeshLayer: 0
  m_StaticEditorFlags: 0
  m_IsActive: 1
--- !u!61 &27640844
BoxCollider2D:
  m_ObjectHideFlags: 0
  m_PrefabParentObject: {fileID: 0}
  m_PrefabInternal: {fileID: 0}
  m_GameObject: {fileID: 27640843}
  m_Enabled: 1
  m_Density: 1
  m_Material: {fileID: 0}
  m_IsTrigger: 1
  m_UsedByEffector: 0
  m_Offset: {x: 3.961325, y: 0.7758643}
  serializedVersion: 2
  m_Size: {x: 11.357727, y: 11.965832}
--- !u!4 &27640845
Transform:
  m_ObjectHideFlags: 0
  m_PrefabParentObject: {fileID: 0}
  m_PrefabInternal: {fileID: 0}
  m_GameObject: {fileID: 27640843}
  m_LocalRotation: {x: 0, y: 0, z: 0.7050676, w: 0.7091401}
  m_LocalPosition: {x: 226.84, y: 6.01, z: 0}
  m_LocalScale: {x: 1, y: 1, z: 1}
  m_Children:
  - {fileID: 1408508418}
  m_Father: {fileID: 0}
  m_RootOrder: 14
--- !u!114 &27640846
MonoBehaviour:
  m_ObjectHideFlags: 0
  m_PrefabParentObject: {fileID: 0}
  m_PrefabInternal: {fileID: 0}
  m_GameObject: {fileID: 27640843}
  m_Enabled: 1
  m_EditorHideFlags: 0
  m_Script: {fileID: 11500000, guid: fbefef32bda58394a9fb9766780a205a, type: 3}
  m_Name: 
  m_EditorClassIdentifier: 
--- !u!4 &72274253 stripped
Transform:
  m_PrefabParentObject: {fileID: 445126, guid: ae09db5c3deadba498474914349034e9, type: 2}
  m_PrefabInternal: {fileID: 1678130476}
--- !u!1 &82806264
GameObject:
  m_ObjectHideFlags: 0
  m_PrefabParentObject: {fileID: 0}
  m_PrefabInternal: {fileID: 0}
  serializedVersion: 4
  m_Component:
  - 4: {fileID: 82806265}
  - 23: {fileID: 82806267}
  - 102: {fileID: 82806266}
  m_Layer: 0
  m_Name: Sprint
  m_TagString: Untagged
  m_Icon: {fileID: 0}
  m_NavMeshLayer: 0
  m_StaticEditorFlags: 0
  m_IsActive: 1
--- !u!4 &82806265
Transform:
  m_ObjectHideFlags: 0
  m_PrefabParentObject: {fileID: 0}
  m_PrefabInternal: {fileID: 0}
  m_GameObject: {fileID: 82806264}
  m_LocalRotation: {x: 0, y: 0, z: 0, w: 1}
  m_LocalPosition: {x: 262.02, y: -0.27999973, z: 1}
  m_LocalScale: {x: 1, y: 1, z: 1}
  m_Children: []
  m_Father: {fileID: 1724439430}
  m_RootOrder: 5
--- !u!102 &82806266
TextMesh:
  serializedVersion: 3
  m_ObjectHideFlags: 0
  m_PrefabParentObject: {fileID: 0}
  m_PrefabInternal: {fileID: 0}
  m_GameObject: {fileID: 82806264}
  m_Text: If you want to walk faster, press 'RB'
  m_OffsetZ: 0
  m_CharacterSize: 0.44
  m_LineSpacing: 1
  m_Anchor: 0
  m_Alignment: 0
  m_TabSize: 4.57
  m_FontSize: 40
  m_FontStyle: 0
  m_RichText: 1
  m_Font: {fileID: 10102, guid: 0000000000000000e000000000000000, type: 0}
  m_Color:
    serializedVersion: 2
    rgba: 4278190080
--- !u!23 &82806267
MeshRenderer:
  m_ObjectHideFlags: 0
  m_PrefabParentObject: {fileID: 0}
  m_PrefabInternal: {fileID: 0}
  m_GameObject: {fileID: 82806264}
  m_Enabled: 1
  m_CastShadows: 1
  m_ReceiveShadows: 1
  m_Materials:
  - {fileID: 10100, guid: 0000000000000000e000000000000000, type: 0}
  m_SubsetIndices: 
  m_StaticBatchRoot: {fileID: 0}
  m_UseLightProbes: 1
  m_ReflectionProbeUsage: 1
  m_ProbeAnchor: {fileID: 0}
  m_ScaleInLightmap: 1
  m_PreserveUVs: 0
  m_IgnoreNormalsForChartDetection: 0
  m_ImportantGI: 0
  m_MinimumChartSize: 4
  m_AutoUVMaxDistance: 0.5
  m_AutoUVMaxAngle: 89
  m_LightmapParameters: {fileID: 0}
  m_SortingLayerID: 0
  m_SortingOrder: 0
--- !u!1001 &185192663
Prefab:
  m_ObjectHideFlags: 0
  serializedVersion: 2
  m_Modification:
    m_TransformParent: {fileID: 0}
    m_Modifications:
    - target: {fileID: 478834, guid: 19a7400f23aa7ed438512e28b981a91f, type: 2}
      propertyPath: m_LocalPosition.x
      value: 106.55
      objectReference: {fileID: 0}
    - target: {fileID: 478834, guid: 19a7400f23aa7ed438512e28b981a91f, type: 2}
      propertyPath: m_LocalPosition.y
      value: -2.8
      objectReference: {fileID: 0}
    - target: {fileID: 478834, guid: 19a7400f23aa7ed438512e28b981a91f, type: 2}
      propertyPath: m_LocalPosition.z
      value: -0.024999999
      objectReference: {fileID: 0}
    - target: {fileID: 478834, guid: 19a7400f23aa7ed438512e28b981a91f, type: 2}
      propertyPath: m_LocalRotation.x
      value: 0
      objectReference: {fileID: 0}
    - target: {fileID: 478834, guid: 19a7400f23aa7ed438512e28b981a91f, type: 2}
      propertyPath: m_LocalRotation.y
      value: 0
      objectReference: {fileID: 0}
    - target: {fileID: 478834, guid: 19a7400f23aa7ed438512e28b981a91f, type: 2}
      propertyPath: m_LocalRotation.z
      value: 0
      objectReference: {fileID: 0}
    - target: {fileID: 478834, guid: 19a7400f23aa7ed438512e28b981a91f, type: 2}
      propertyPath: m_LocalRotation.w
      value: 1
      objectReference: {fileID: 0}
    - target: {fileID: 478834, guid: 19a7400f23aa7ed438512e28b981a91f, type: 2}
      propertyPath: m_RootOrder
      value: 1
      objectReference: {fileID: 0}
    - target: {fileID: 6179104, guid: 19a7400f23aa7ed438512e28b981a91f, type: 2}
      propertyPath: m_Offset.x
      value: 1.4093968
      objectReference: {fileID: 0}
    - target: {fileID: 6179104, guid: 19a7400f23aa7ed438512e28b981a91f, type: 2}
      propertyPath: m_Size.x
      value: 5.118851
      objectReference: {fileID: 0}
    m_RemovedComponents: []
  m_ParentPrefab: {fileID: 100100000, guid: 19a7400f23aa7ed438512e28b981a91f, type: 2}
  m_IsPrefabParent: 0
--- !u!1 &239437903
GameObject:
  m_ObjectHideFlags: 0
  m_PrefabParentObject: {fileID: 0}
  m_PrefabInternal: {fileID: 0}
  serializedVersion: 4
  m_Component:
  - 4: {fileID: 239437904}
  - 23: {fileID: 239437906}
  - 102: {fileID: 239437905}
  m_Layer: 0
  m_Name: doublejump
  m_TagString: Untagged
  m_Icon: {fileID: 0}
  m_NavMeshLayer: 0
  m_StaticEditorFlags: 0
  m_IsActive: 1
--- !u!4 &239437904
Transform:
  m_ObjectHideFlags: 0
  m_PrefabParentObject: {fileID: 0}
  m_PrefabInternal: {fileID: 0}
  m_GameObject: {fileID: 239437903}
  m_LocalRotation: {x: 0, y: 0, z: 0, w: 1}
  m_LocalPosition: {x: 69.39, y: 0, z: 1}
  m_LocalScale: {x: 1, y: 1, z: 1}
  m_Children: []
  m_Father: {fileID: 1724439430}
  m_RootOrder: 2
--- !u!102 &239437905
TextMesh:
  serializedVersion: 3
  m_ObjectHideFlags: 0
  m_PrefabParentObject: {fileID: 0}
  m_PrefabInternal: {fileID: 0}
  m_GameObject: {fileID: 239437903}
  m_Text: Press 'A' in the air to double jump
  m_OffsetZ: 0
  m_CharacterSize: 0.44
  m_LineSpacing: 1
  m_Anchor: 0
  m_Alignment: 0
  m_TabSize: 4.57
  m_FontSize: 40
  m_FontStyle: 0
  m_RichText: 1
  m_Font: {fileID: 10102, guid: 0000000000000000e000000000000000, type: 0}
  m_Color:
    serializedVersion: 2
    rgba: 4278190080
--- !u!23 &239437906
MeshRenderer:
  m_ObjectHideFlags: 0
  m_PrefabParentObject: {fileID: 0}
  m_PrefabInternal: {fileID: 0}
  m_GameObject: {fileID: 239437903}
  m_Enabled: 1
  m_CastShadows: 1
  m_ReceiveShadows: 1
  m_Materials:
  - {fileID: 10100, guid: 0000000000000000e000000000000000, type: 0}
  m_SubsetIndices: 
  m_StaticBatchRoot: {fileID: 0}
  m_UseLightProbes: 1
  m_ReflectionProbeUsage: 1
  m_ProbeAnchor: {fileID: 0}
  m_ScaleInLightmap: 1
  m_PreserveUVs: 0
  m_IgnoreNormalsForChartDetection: 0
  m_ImportantGI: 0
  m_MinimumChartSize: 4
  m_AutoUVMaxDistance: 0.5
  m_AutoUVMaxAngle: 89
  m_LightmapParameters: {fileID: 0}
  m_SortingLayerID: 0
  m_SortingOrder: 0
--- !u!4 &293022323 stripped
Transform:
  m_PrefabParentObject: {fileID: 436464, guid: 70e9e02638f6bfa42bfa5d753b67d011, type: 2}
  m_PrefabInternal: {fileID: 1003774082}
--- !u!4 &307839130 stripped
Transform:
  m_PrefabParentObject: {fileID: 455370, guid: cc8ab7f4c0918fb468c80b0b017940c1, type: 2}
  m_PrefabInternal: {fileID: 1976848688}
--- !u!1001 &349767325
Prefab:
  m_ObjectHideFlags: 0
  serializedVersion: 2
  m_Modification:
    m_TransformParent: {fileID: 1678689844}
    m_Modifications:
    - target: {fileID: 445126, guid: ae09db5c3deadba498474914349034e9, type: 2}
      propertyPath: m_LocalPosition.x
      value: 0
      objectReference: {fileID: 0}
    - target: {fileID: 445126, guid: ae09db5c3deadba498474914349034e9, type: 2}
      propertyPath: m_LocalPosition.y
      value: 0
      objectReference: {fileID: 0}
    - target: {fileID: 445126, guid: ae09db5c3deadba498474914349034e9, type: 2}
      propertyPath: m_LocalPosition.z
      value: 0
      objectReference: {fileID: 0}
    - target: {fileID: 445126, guid: ae09db5c3deadba498474914349034e9, type: 2}
      propertyPath: m_LocalRotation.x
      value: 0
      objectReference: {fileID: 0}
    - target: {fileID: 445126, guid: ae09db5c3deadba498474914349034e9, type: 2}
      propertyPath: m_LocalRotation.y
      value: 0
      objectReference: {fileID: 0}
    - target: {fileID: 445126, guid: ae09db5c3deadba498474914349034e9, type: 2}
      propertyPath: m_LocalRotation.z
      value: 0
      objectReference: {fileID: 0}
    - target: {fileID: 445126, guid: ae09db5c3deadba498474914349034e9, type: 2}
      propertyPath: m_LocalRotation.w
      value: 1
      objectReference: {fileID: 0}
    - target: {fileID: 445126, guid: ae09db5c3deadba498474914349034e9, type: 2}
      propertyPath: m_RootOrder
      value: 1
      objectReference: {fileID: 0}
    - target: {fileID: 162020, guid: ae09db5c3deadba498474914349034e9, type: 2}
      propertyPath: m_Name
      value: platform (1)
      objectReference: {fileID: 0}
    - target: {fileID: 445126, guid: ae09db5c3deadba498474914349034e9, type: 2}
      propertyPath: m_LocalScale.x
      value: 1
      objectReference: {fileID: 0}
    - target: {fileID: 445126, guid: ae09db5c3deadba498474914349034e9, type: 2}
      propertyPath: m_LocalScale.y
      value: 1
      objectReference: {fileID: 0}
    - target: {fileID: 445126, guid: ae09db5c3deadba498474914349034e9, type: 2}
      propertyPath: m_LocalScale.z
      value: 1
      objectReference: {fileID: 0}
    m_RemovedComponents: []
  m_ParentPrefab: {fileID: 100100000, guid: ae09db5c3deadba498474914349034e9, type: 2}
  m_IsPrefabParent: 0
--- !u!1001 &355407599
Prefab:
  m_ObjectHideFlags: 0
  serializedVersion: 2
  m_Modification:
    m_TransformParent: {fileID: 1678689844}
    m_Modifications:
    - target: {fileID: 445126, guid: ae09db5c3deadba498474914349034e9, type: 2}
      propertyPath: m_LocalPosition.x
      value: 23.309998
      objectReference: {fileID: 0}
    - target: {fileID: 445126, guid: ae09db5c3deadba498474914349034e9, type: 2}
      propertyPath: m_LocalPosition.y
      value: 1.2899997
      objectReference: {fileID: 0}
    - target: {fileID: 445126, guid: ae09db5c3deadba498474914349034e9, type: 2}
      propertyPath: m_LocalPosition.z
      value: 2.1539965
      objectReference: {fileID: 0}
    - target: {fileID: 445126, guid: ae09db5c3deadba498474914349034e9, type: 2}
      propertyPath: m_LocalRotation.x
      value: 0
      objectReference: {fileID: 0}
    - target: {fileID: 445126, guid: ae09db5c3deadba498474914349034e9, type: 2}
      propertyPath: m_LocalRotation.y
      value: 0
      objectReference: {fileID: 0}
    - target: {fileID: 445126, guid: ae09db5c3deadba498474914349034e9, type: 2}
      propertyPath: m_LocalRotation.z
      value: 0
      objectReference: {fileID: 0}
    - target: {fileID: 445126, guid: ae09db5c3deadba498474914349034e9, type: 2}
      propertyPath: m_LocalRotation.w
      value: 1
      objectReference: {fileID: 0}
    - target: {fileID: 445126, guid: ae09db5c3deadba498474914349034e9, type: 2}
      propertyPath: m_RootOrder
      value: 7
      objectReference: {fileID: 0}
    - target: {fileID: 445126, guid: ae09db5c3deadba498474914349034e9, type: 2}
      propertyPath: m_LocalScale.x
      value: 20.856148
      objectReference: {fileID: 0}
    - target: {fileID: 445126, guid: ae09db5c3deadba498474914349034e9, type: 2}
      propertyPath: m_LocalScale.y
      value: 0.23623197
      objectReference: {fileID: 0}
    - target: {fileID: 445126, guid: ae09db5c3deadba498474914349034e9, type: 2}
      propertyPath: m_LocalScale.z
      value: 1
      objectReference: {fileID: 0}
    - target: {fileID: 162020, guid: ae09db5c3deadba498474914349034e9, type: 2}
      propertyPath: m_Name
      value: platform (7)
      objectReference: {fileID: 0}
    - target: {fileID: 2302166, guid: ae09db5c3deadba498474914349034e9, type: 2}
      propertyPath: m_Enabled
      value: 1
      objectReference: {fileID: 0}
    - target: {fileID: 25120698, guid: ae09db5c3deadba498474914349034e9, type: 2}
      propertyPath: m_SurfaceArc
      value: 174.57
      objectReference: {fileID: 0}
    m_RemovedComponents: []
  m_ParentPrefab: {fileID: 100100000, guid: ae09db5c3deadba498474914349034e9, type: 2}
  m_IsPrefabParent: 0
--- !u!1 &386719860
GameObject:
  m_ObjectHideFlags: 0
  m_PrefabParentObject: {fileID: 0}
  m_PrefabInternal: {fileID: 0}
  serializedVersion: 4
  m_Component:
  - 4: {fileID: 386719861}
  - 23: {fileID: 386719863}
  - 102: {fileID: 386719862}
  m_Layer: 0
  m_Name: Attack
  m_TagString: Untagged
  m_Icon: {fileID: 0}
  m_NavMeshLayer: 0
  m_StaticEditorFlags: 0
  m_IsActive: 1
--- !u!4 &386719861
Transform:
  m_ObjectHideFlags: 0
  m_PrefabParentObject: {fileID: 0}
  m_PrefabInternal: {fileID: 0}
  m_GameObject: {fileID: 386719860}
  m_LocalRotation: {x: 0, y: 0, z: 0, w: 1}
  m_LocalPosition: {x: 135.78, y: -0.27999973, z: 1}
  m_LocalScale: {x: 1, y: 1, z: 1}
  m_Children: []
  m_Father: {fileID: 1724439430}
  m_RootOrder: 3
--- !u!102 &386719862
TextMesh:
  serializedVersion: 3
  m_ObjectHideFlags: 0
  m_PrefabParentObject: {fileID: 0}
  m_PrefabInternal: {fileID: 0}
  m_GameObject: {fileID: 386719860}
  m_Text: Attack with 'X'
  m_OffsetZ: 0
  m_CharacterSize: 0.44
  m_LineSpacing: 1
  m_Anchor: 0
  m_Alignment: 0
  m_TabSize: 4.57
  m_FontSize: 40
  m_FontStyle: 0
  m_RichText: 1
  m_Font: {fileID: 10102, guid: 0000000000000000e000000000000000, type: 0}
  m_Color:
    serializedVersion: 2
    rgba: 4278190080
--- !u!23 &386719863
MeshRenderer:
  m_ObjectHideFlags: 0
  m_PrefabParentObject: {fileID: 0}
  m_PrefabInternal: {fileID: 0}
  m_GameObject: {fileID: 386719860}
  m_Enabled: 1
  m_CastShadows: 1
  m_ReceiveShadows: 1
  m_Materials:
  - {fileID: 10100, guid: 0000000000000000e000000000000000, type: 0}
  m_SubsetIndices: 
  m_StaticBatchRoot: {fileID: 0}
  m_UseLightProbes: 1
  m_ReflectionProbeUsage: 1
  m_ProbeAnchor: {fileID: 0}
  m_ScaleInLightmap: 1
  m_PreserveUVs: 0
  m_IgnoreNormalsForChartDetection: 0
  m_ImportantGI: 0
  m_MinimumChartSize: 4
  m_AutoUVMaxDistance: 0.5
  m_AutoUVMaxAngle: 89
  m_LightmapParameters: {fileID: 0}
  m_SortingLayerID: 0
  m_SortingOrder: 0
--- !u!4 &505449611 stripped
Transform:
  m_PrefabParentObject: {fileID: 445126, guid: ae09db5c3deadba498474914349034e9, type: 2}
  m_PrefabInternal: {fileID: 2143825573}
--- !u!1 &549930844
GameObject:
  m_ObjectHideFlags: 0
  m_PrefabParentObject: {fileID: 0}
  m_PrefabInternal: {fileID: 0}
  serializedVersion: 4
  m_Component:
  - 4: {fileID: 549930845}
  - 23: {fileID: 549930847}
  - 102: {fileID: 549930846}
  m_Layer: 0
  m_Name: jump
  m_TagString: Untagged
  m_Icon: {fileID: 0}
  m_NavMeshLayer: 0
  m_StaticEditorFlags: 0
  m_IsActive: 1
--- !u!4 &549930845
Transform:
  m_ObjectHideFlags: 0
  m_PrefabParentObject: {fileID: 0}
  m_PrefabInternal: {fileID: 0}
  m_GameObject: {fileID: 549930844}
  m_LocalRotation: {x: 0, y: 0, z: 0, w: 1}
  m_LocalPosition: {x: 41.23, y: 0.5, z: 1}
  m_LocalScale: {x: 1, y: 1, z: 1}
  m_Children: []
  m_Father: {fileID: 1724439430}
  m_RootOrder: 1
--- !u!102 &549930846
TextMesh:
  serializedVersion: 3
  m_ObjectHideFlags: 0
  m_PrefabParentObject: {fileID: 0}
  m_PrefabInternal: {fileID: 0}
  m_GameObject: {fileID: 549930844}
  m_Text: Press 'A' to jump!
  m_OffsetZ: 0
  m_CharacterSize: 0.47
  m_LineSpacing: 1
  m_Anchor: 0
  m_Alignment: 0
  m_TabSize: 4.57
  m_FontSize: 40
  m_FontStyle: 0
  m_RichText: 1
  m_Font: {fileID: 10102, guid: 0000000000000000e000000000000000, type: 0}
  m_Color:
    serializedVersion: 2
    rgba: 4278190080
--- !u!23 &549930847
MeshRenderer:
  m_ObjectHideFlags: 0
  m_PrefabParentObject: {fileID: 0}
  m_PrefabInternal: {fileID: 0}
  m_GameObject: {fileID: 549930844}
  m_Enabled: 1
  m_CastShadows: 1
  m_ReceiveShadows: 1
  m_Materials:
  - {fileID: 10100, guid: 0000000000000000e000000000000000, type: 0}
  m_SubsetIndices: 
  m_StaticBatchRoot: {fileID: 0}
  m_UseLightProbes: 1
  m_ReflectionProbeUsage: 1
  m_ProbeAnchor: {fileID: 0}
  m_ScaleInLightmap: 1
  m_PreserveUVs: 0
  m_IgnoreNormalsForChartDetection: 0
  m_ImportantGI: 0
  m_MinimumChartSize: 4
  m_AutoUVMaxDistance: 0.5
  m_AutoUVMaxAngle: 89
  m_LightmapParameters: {fileID: 0}
  m_SortingLayerID: 0
  m_SortingOrder: 0
--- !u!1001 &606262313
Prefab:
  m_ObjectHideFlags: 0
  serializedVersion: 2
  m_Modification:
    m_TransformParent: {fileID: 0}
    m_Modifications:
    - target: {fileID: 428864, guid: dc6e67033ccad644480b75c95b6d5d94, type: 2}
      propertyPath: m_LocalPosition.x
      value: 404.3
      objectReference: {fileID: 0}
    - target: {fileID: 428864, guid: dc6e67033ccad644480b75c95b6d5d94, type: 2}
      propertyPath: m_LocalPosition.y
      value: 18.8
      objectReference: {fileID: 0}
    - target: {fileID: 428864, guid: dc6e67033ccad644480b75c95b6d5d94, type: 2}
      propertyPath: m_LocalPosition.z
      value: 0
      objectReference: {fileID: 0}
    - target: {fileID: 428864, guid: dc6e67033ccad644480b75c95b6d5d94, type: 2}
      propertyPath: m_LocalRotation.x
      value: 0
      objectReference: {fileID: 0}
    - target: {fileID: 428864, guid: dc6e67033ccad644480b75c95b6d5d94, type: 2}
      propertyPath: m_LocalRotation.y
      value: 0
      objectReference: {fileID: 0}
    - target: {fileID: 428864, guid: dc6e67033ccad644480b75c95b6d5d94, type: 2}
      propertyPath: m_LocalRotation.z
      value: 0
      objectReference: {fileID: 0}
    - target: {fileID: 428864, guid: dc6e67033ccad644480b75c95b6d5d94, type: 2}
      propertyPath: m_LocalRotation.w
      value: 1
      objectReference: {fileID: 0}
    - target: {fileID: 428864, guid: dc6e67033ccad644480b75c95b6d5d94, type: 2}
      propertyPath: m_RootOrder
      value: 3
      objectReference: {fileID: 0}
    - target: {fileID: 489070, guid: dc6e67033ccad644480b75c95b6d5d94, type: 2}
      propertyPath: m_LocalPosition.x
      value: 0
      objectReference: {fileID: 0}
    - target: {fileID: 449798, guid: dc6e67033ccad644480b75c95b6d5d94, type: 2}
      propertyPath: m_LocalPosition.x
      value: 0
      objectReference: {fileID: 0}
    m_RemovedComponents: []
  m_ParentPrefab: {fileID: 100100000, guid: dc6e67033ccad644480b75c95b6d5d94, type: 2}
  m_IsPrefabParent: 0
--- !u!1 &657327792
GameObject:
  m_ObjectHideFlags: 0
  m_PrefabParentObject: {fileID: 101410, guid: 132e201be9f6a1d438244a8aa8ceaae5, type: 2}
  m_PrefabInternal: {fileID: 0}
  serializedVersion: 4
  m_Component:
  - 4: {fileID: 657327793}
  m_Layer: 0
  m_Name: Bear
  m_TagString: Untagged
  m_Icon: {fileID: 0}
  m_NavMeshLayer: 0
  m_StaticEditorFlags: 0
  m_IsActive: 1
--- !u!4 &657327793
Transform:
  m_ObjectHideFlags: 0
  m_PrefabParentObject: {fileID: 459320, guid: 132e201be9f6a1d438244a8aa8ceaae5, type: 2}
  m_PrefabInternal: {fileID: 0}
  m_GameObject: {fileID: 657327792}
  m_LocalRotation: {x: 0, y: 0, z: 0, w: 1}
  m_LocalPosition: {x: 204.2, y: 5.8211412, z: 0.09375}
  m_LocalScale: {x: -30.51, y: -13.51, z: 1}
  m_Children:
  - {fileID: 1060462821}
  m_Father: {fileID: 0}
  m_RootOrder: 8
--- !u!1001 &677122176
Prefab:
  m_ObjectHideFlags: 0
  serializedVersion: 2
  m_Modification:
    m_TransformParent: {fileID: 0}
    m_Modifications:
    - target: {fileID: 440012, guid: 3b147b51b41886f4faadbf7e96b4ef8e, type: 2}
      propertyPath: m_LocalPosition.x
      value: 64.22
      objectReference: {fileID: 0}
    - target: {fileID: 440012, guid: 3b147b51b41886f4faadbf7e96b4ef8e, type: 2}
      propertyPath: m_LocalPosition.y
      value: 8.54
      objectReference: {fileID: 0}
    - target: {fileID: 440012, guid: 3b147b51b41886f4faadbf7e96b4ef8e, type: 2}
      propertyPath: m_LocalPosition.z
      value: -10
      objectReference: {fileID: 0}
    - target: {fileID: 440012, guid: 3b147b51b41886f4faadbf7e96b4ef8e, type: 2}
      propertyPath: m_LocalRotation.x
      value: 0
      objectReference: {fileID: 0}
    - target: {fileID: 440012, guid: 3b147b51b41886f4faadbf7e96b4ef8e, type: 2}
      propertyPath: m_LocalRotation.y
      value: 0
      objectReference: {fileID: 0}
    - target: {fileID: 440012, guid: 3b147b51b41886f4faadbf7e96b4ef8e, type: 2}
      propertyPath: m_LocalRotation.z
      value: 0
      objectReference: {fileID: 0}
    - target: {fileID: 440012, guid: 3b147b51b41886f4faadbf7e96b4ef8e, type: 2}
      propertyPath: m_LocalRotation.w
      value: 1
      objectReference: {fileID: 0}
    - target: {fileID: 440012, guid: 3b147b51b41886f4faadbf7e96b4ef8e, type: 2}
      propertyPath: m_RootOrder
      value: 1
      objectReference: {fileID: 0}
    - target: {fileID: 11458998, guid: 3b147b51b41886f4faadbf7e96b4ef8e, type: 2}
      propertyPath: Player
      value: 
      objectReference: {fileID: 1377354289}
    m_RemovedComponents: []
  m_ParentPrefab: {fileID: 100100000, guid: 3b147b51b41886f4faadbf7e96b4ef8e, type: 2}
  m_IsPrefabParent: 0
--- !u!1001 &723587466
Prefab:
  m_ObjectHideFlags: 0
  serializedVersion: 2
  m_Modification:
    m_TransformParent: {fileID: 0}
    m_Modifications:
    - target: {fileID: 486470, guid: a385425e855809b4cb3a802b66bd8001, type: 2}
      propertyPath: m_LocalPosition.x
      value: 109.19088
      objectReference: {fileID: 0}
    - target: {fileID: 486470, guid: a385425e855809b4cb3a802b66bd8001, type: 2}
      propertyPath: m_LocalPosition.y
      value: 7.1813836
      objectReference: {fileID: 0}
    - target: {fileID: 486470, guid: a385425e855809b4cb3a802b66bd8001, type: 2}
      propertyPath: m_LocalPosition.z
      value: 0
      objectReference: {fileID: 0}
    - target: {fileID: 486470, guid: a385425e855809b4cb3a802b66bd8001, type: 2}
      propertyPath: m_LocalRotation.x
      value: 0
      objectReference: {fileID: 0}
    - target: {fileID: 486470, guid: a385425e855809b4cb3a802b66bd8001, type: 2}
      propertyPath: m_LocalRotation.y
      value: 0
      objectReference: {fileID: 0}
    - target: {fileID: 486470, guid: a385425e855809b4cb3a802b66bd8001, type: 2}
      propertyPath: m_LocalRotation.z
      value: 0
      objectReference: {fileID: 0}
    - target: {fileID: 486470, guid: a385425e855809b4cb3a802b66bd8001, type: 2}
      propertyPath: m_LocalRotation.w
      value: 1
      objectReference: {fileID: 0}
    - target: {fileID: 486470, guid: a385425e855809b4cb3a802b66bd8001, type: 2}
      propertyPath: m_RootOrder
      value: 0
      objectReference: {fileID: 0}
    - target: {fileID: 6159114, guid: a385425e855809b4cb3a802b66bd8001, type: 2}
      propertyPath: m_Offset.x
      value: 0.007580073
      objectReference: {fileID: 0}
    - target: {fileID: 6159114, guid: a385425e855809b4cb3a802b66bd8001, type: 2}
      propertyPath: m_Offset.y
      value: 0.05572591
      objectReference: {fileID: 0}
    - target: {fileID: 6159114, guid: a385425e855809b4cb3a802b66bd8001, type: 2}
      propertyPath: m_Size.x
      value: 0.62252367
      objectReference: {fileID: 0}
    - target: {fileID: 6159114, guid: a385425e855809b4cb3a802b66bd8001, type: 2}
      propertyPath: m_Size.y
      value: 0.95546573
      objectReference: {fileID: 0}
    m_RemovedComponents: []
  m_ParentPrefab: {fileID: 100100000, guid: a385425e855809b4cb3a802b66bd8001, type: 2}
  m_IsPrefabParent: 0
--- !u!1001 &742564107
Prefab:
  m_ObjectHideFlags: 0
  serializedVersion: 2
  m_Modification:
    m_TransformParent: {fileID: 1408508418}
    m_Modifications:
    - target: {fileID: 436464, guid: 70e9e02638f6bfa42bfa5d753b67d011, type: 2}
      propertyPath: m_LocalPosition.x
      value: 1.1699802
      objectReference: {fileID: 0}
    - target: {fileID: 436464, guid: 70e9e02638f6bfa42bfa5d753b67d011, type: 2}
      propertyPath: m_LocalPosition.y
      value: 0.006738517
      objectReference: {fileID: 0}
    - target: {fileID: 436464, guid: 70e9e02638f6bfa42bfa5d753b67d011, type: 2}
      propertyPath: m_LocalPosition.z
      value: 0
      objectReference: {fileID: 0}
    - target: {fileID: 436464, guid: 70e9e02638f6bfa42bfa5d753b67d011, type: 2}
      propertyPath: m_LocalRotation.x
      value: 0
      objectReference: {fileID: 0}
    - target: {fileID: 436464, guid: 70e9e02638f6bfa42bfa5d753b67d011, type: 2}
      propertyPath: m_LocalRotation.y
      value: 0
      objectReference: {fileID: 0}
    - target: {fileID: 436464, guid: 70e9e02638f6bfa42bfa5d753b67d011, type: 2}
      propertyPath: m_LocalRotation.z
      value: 1
      objectReference: {fileID: 0}
    - target: {fileID: 436464, guid: 70e9e02638f6bfa42bfa5d753b67d011, type: 2}
      propertyPath: m_LocalRotation.w
      value: -0.00000016292068
      objectReference: {fileID: 0}
    - target: {fileID: 436464, guid: 70e9e02638f6bfa42bfa5d753b67d011, type: 2}
      propertyPath: m_RootOrder
      value: 2
      objectReference: {fileID: 0}
    - target: {fileID: 140968, guid: 70e9e02638f6bfa42bfa5d753b67d011, type: 2}
      propertyPath: m_Name
      value: canhao (2)
      objectReference: {fileID: 0}
    m_RemovedComponents: []
  m_ParentPrefab: {fileID: 100100000, guid: 70e9e02638f6bfa42bfa5d753b67d011, type: 2}
  m_IsPrefabParent: 0
--- !u!4 &759510914 stripped
Transform:
  m_PrefabParentObject: {fileID: 455370, guid: cc8ab7f4c0918fb468c80b0b017940c1, type: 2}
  m_PrefabInternal: {fileID: 1972224910}
--- !u!1001 &872570814
Prefab:
  m_ObjectHideFlags: 0
  serializedVersion: 2
  m_Modification:
    m_TransformParent: {fileID: 1678689844}
    m_Modifications:
    - target: {fileID: 445126, guid: ae09db5c3deadba498474914349034e9, type: 2}
      propertyPath: m_LocalPosition.x
      value: 23.31
      objectReference: {fileID: 0}
    - target: {fileID: 445126, guid: ae09db5c3deadba498474914349034e9, type: 2}
      propertyPath: m_LocalPosition.y
      value: 1.29
      objectReference: {fileID: 0}
    - target: {fileID: 445126, guid: ae09db5c3deadba498474914349034e9, type: 2}
      propertyPath: m_LocalPosition.z
      value: 2.1539962
      objectReference: {fileID: 0}
    - target: {fileID: 445126, guid: ae09db5c3deadba498474914349034e9, type: 2}
      propertyPath: m_LocalRotation.x
      value: 0
      objectReference: {fileID: 0}
    - target: {fileID: 445126, guid: ae09db5c3deadba498474914349034e9, type: 2}
      propertyPath: m_LocalRotation.y
      value: 0
      objectReference: {fileID: 0}
    - target: {fileID: 445126, guid: ae09db5c3deadba498474914349034e9, type: 2}
      propertyPath: m_LocalRotation.z
      value: 0
      objectReference: {fileID: 0}
    - target: {fileID: 445126, guid: ae09db5c3deadba498474914349034e9, type: 2}
      propertyPath: m_LocalRotation.w
      value: 1
      objectReference: {fileID: 0}
    - target: {fileID: 445126, guid: ae09db5c3deadba498474914349034e9, type: 2}
      propertyPath: m_RootOrder
      value: 5
      objectReference: {fileID: 0}
    - target: {fileID: 445126, guid: ae09db5c3deadba498474914349034e9, type: 2}
      propertyPath: m_LocalScale.x
      value: 20.85615
      objectReference: {fileID: 0}
    - target: {fileID: 445126, guid: ae09db5c3deadba498474914349034e9, type: 2}
      propertyPath: m_LocalScale.y
      value: 0.23623197
      objectReference: {fileID: 0}
    - target: {fileID: 445126, guid: ae09db5c3deadba498474914349034e9, type: 2}
      propertyPath: m_LocalScale.z
      value: 1
      objectReference: {fileID: 0}
    - target: {fileID: 162020, guid: ae09db5c3deadba498474914349034e9, type: 2}
      propertyPath: m_Name
      value: platform (3)
      objectReference: {fileID: 0}
    - target: {fileID: 2302166, guid: ae09db5c3deadba498474914349034e9, type: 2}
      propertyPath: m_Enabled
      value: 1
      objectReference: {fileID: 0}
    - target: {fileID: 25120698, guid: ae09db5c3deadba498474914349034e9, type: 2}
      propertyPath: m_SurfaceArc
      value: 174.57
      objectReference: {fileID: 0}
    m_RemovedComponents: []
  m_ParentPrefab: {fileID: 100100000, guid: ae09db5c3deadba498474914349034e9, type: 2}
  m_IsPrefabParent: 0
--- !u!4 &879141002 stripped
Transform:
  m_PrefabParentObject: {fileID: 445126, guid: ae09db5c3deadba498474914349034e9, type: 2}
  m_PrefabInternal: {fileID: 349767325}
--- !u!4 &902949892 stripped
Transform:
  m_PrefabParentObject: {fileID: 436464, guid: 70e9e02638f6bfa42bfa5d753b67d011, type: 2}
  m_PrefabInternal: {fileID: 2047463030}
--- !u!1 &915343719
GameObject:
  m_ObjectHideFlags: 0
  m_PrefabParentObject: {fileID: 0}
  m_PrefabInternal: {fileID: 0}
  serializedVersion: 4
  m_Component:
  - 4: {fileID: 915343720}
  - 23: {fileID: 915343722}
  - 102: {fileID: 915343721}
  m_Layer: 0
  m_Name: Ball
  m_TagString: Untagged
  m_Icon: {fileID: 0}
  m_NavMeshLayer: 0
  m_StaticEditorFlags: 0
  m_IsActive: 1
--- !u!4 &915343720
Transform:
  m_ObjectHideFlags: 0
  m_PrefabParentObject: {fileID: 0}
  m_PrefabInternal: {fileID: 0}
  m_GameObject: {fileID: 915343719}
  m_LocalRotation: {x: 0, y: 0, z: 0, w: 1}
  m_LocalPosition: {x: 352.86, y: 8.399999, z: 1}
  m_LocalScale: {x: 1, y: 1, z: 1}
  m_Children: []
  m_Father: {fileID: 1724439430}
  m_RootOrder: 7
--- !u!102 &915343721
TextMesh:
  serializedVersion: 3
  m_ObjectHideFlags: 0
  m_PrefabParentObject: {fileID: 0}
  m_PrefabInternal: {fileID: 0}
  m_GameObject: {fileID: 915343719}
  m_Text: "Now carefull with this ball, try protecting \n     your feet with the shield
    using 'RB'"
  m_OffsetZ: 0
  m_CharacterSize: 0.29
  m_LineSpacing: 1
  m_Anchor: 0
  m_Alignment: 0
  m_TabSize: 4.57
  m_FontSize: 40
  m_FontStyle: 0
  m_RichText: 1
  m_Font: {fileID: 10102, guid: 0000000000000000e000000000000000, type: 0}
  m_Color:
    serializedVersion: 2
    rgba: 4278190080
--- !u!23 &915343722
MeshRenderer:
  m_ObjectHideFlags: 0
  m_PrefabParentObject: {fileID: 0}
  m_PrefabInternal: {fileID: 0}
  m_GameObject: {fileID: 915343719}
  m_Enabled: 1
  m_CastShadows: 1
  m_ReceiveShadows: 1
  m_Materials:
  - {fileID: 10100, guid: 0000000000000000e000000000000000, type: 0}
  m_SubsetIndices: 
  m_StaticBatchRoot: {fileID: 0}
  m_UseLightProbes: 1
  m_ReflectionProbeUsage: 1
  m_ProbeAnchor: {fileID: 0}
  m_ScaleInLightmap: 1
  m_PreserveUVs: 0
  m_IgnoreNormalsForChartDetection: 0
  m_ImportantGI: 0
  m_MinimumChartSize: 4
  m_AutoUVMaxDistance: 0.5
  m_AutoUVMaxAngle: 89
  m_LightmapParameters: {fileID: 0}
  m_SortingLayerID: 0
  m_SortingOrder: 0
--- !u!4 &919536550 stripped
Transform:
  m_PrefabParentObject: {fileID: 455370, guid: cc8ab7f4c0918fb468c80b0b017940c1, type: 2}
  m_PrefabInternal: {fileID: 1880422817}
--- !u!1001 &937916992
Prefab:
  m_ObjectHideFlags: 0
  serializedVersion: 2
  m_Modification:
    m_TransformParent: {fileID: 1408508418}
    m_Modifications:
    - target: {fileID: 436464, guid: 70e9e02638f6bfa42bfa5d753b67d011, type: 2}
      propertyPath: m_LocalPosition.x
      value: 3.6699393
      objectReference: {fileID: 0}
    - target: {fileID: 436464, guid: 70e9e02638f6bfa42bfa5d753b67d011, type: 2}
      propertyPath: m_LocalPosition.y
      value: 0.021137064
      objectReference: {fileID: 0}
    - target: {fileID: 436464, guid: 70e9e02638f6bfa42bfa5d753b67d011, type: 2}
      propertyPath: m_LocalPosition.z
      value: 0
      objectReference: {fileID: 0}
    - target: {fileID: 436464, guid: 70e9e02638f6bfa42bfa5d753b67d011, type: 2}
      propertyPath: m_LocalRotation.x
      value: 0
      objectReference: {fileID: 0}
    - target: {fileID: 436464, guid: 70e9e02638f6bfa42bfa5d753b67d011, type: 2}
      propertyPath: m_LocalRotation.y
      value: 0
      objectReference: {fileID: 0}
    - target: {fileID: 436464, guid: 70e9e02638f6bfa42bfa5d753b67d011, type: 2}
      propertyPath: m_LocalRotation.z
      value: 1
      objectReference: {fileID: 0}
    - target: {fileID: 436464, guid: 70e9e02638f6bfa42bfa5d753b67d011, type: 2}
      propertyPath: m_LocalRotation.w
      value: -0.00000016292068
      objectReference: {fileID: 0}
    - target: {fileID: 436464, guid: 70e9e02638f6bfa42bfa5d753b67d011, type: 2}
      propertyPath: m_RootOrder
      value: 4
      objectReference: {fileID: 0}
    - target: {fileID: 140968, guid: 70e9e02638f6bfa42bfa5d753b67d011, type: 2}
      propertyPath: m_Name
      value: canhao (4)
      objectReference: {fileID: 0}
    m_RemovedComponents: []
  m_ParentPrefab: {fileID: 100100000, guid: 70e9e02638f6bfa42bfa5d753b67d011, type: 2}
  m_IsPrefabParent: 0
--- !u!1001 &978696909
Prefab:
  m_ObjectHideFlags: 0
  serializedVersion: 2
  m_Modification:
    m_TransformParent: {fileID: 2086113176}
    m_Modifications:
    - target: {fileID: 455370, guid: cc8ab7f4c0918fb468c80b0b017940c1, type: 2}
      propertyPath: m_LocalPosition.x
      value: -0.93
      objectReference: {fileID: 0}
    - target: {fileID: 455370, guid: cc8ab7f4c0918fb468c80b0b017940c1, type: 2}
      propertyPath: m_LocalPosition.y
      value: -125.11
      objectReference: {fileID: 0}
    - target: {fileID: 455370, guid: cc8ab7f4c0918fb468c80b0b017940c1, type: 2}
      propertyPath: m_LocalPosition.z
      value: -0.1
      objectReference: {fileID: 0}
    - target: {fileID: 455370, guid: cc8ab7f4c0918fb468c80b0b017940c1, type: 2}
      propertyPath: m_LocalRotation.x
      value: 0
      objectReference: {fileID: 0}
    - target: {fileID: 455370, guid: cc8ab7f4c0918fb468c80b0b017940c1, type: 2}
      propertyPath: m_LocalRotation.y
      value: 0
      objectReference: {fileID: 0}
    - target: {fileID: 455370, guid: cc8ab7f4c0918fb468c80b0b017940c1, type: 2}
      propertyPath: m_LocalRotation.z
      value: -0.7050676
      objectReference: {fileID: 0}
    - target: {fileID: 455370, guid: cc8ab7f4c0918fb468c80b0b017940c1, type: 2}
      propertyPath: m_LocalRotation.w
      value: 0.7091401
      objectReference: {fileID: 0}
    - target: {fileID: 455370, guid: cc8ab7f4c0918fb468c80b0b017940c1, type: 2}
      propertyPath: m_RootOrder
      value: 4
      objectReference: {fileID: 0}
    - target: {fileID: 0}
      propertyPath: player
      value: 
      objectReference: {fileID: 1136709608}
    - target: {fileID: 0}
      propertyPath: m_Enabled
      value: 0
      objectReference: {fileID: 0}
    - target: {fileID: 189080, guid: cc8ab7f4c0918fb468c80b0b017940c1, type: 2}
      propertyPath: m_Layer
      value: 0
      objectReference: {fileID: 0}
    - target: {fileID: 189080, guid: cc8ab7f4c0918fb468c80b0b017940c1, type: 2}
      propertyPath: m_Name
      value: mushroom (4)
      objectReference: {fileID: 0}
    m_RemovedComponents:
    - {fileID: 0}
  m_ParentPrefab: {fileID: 100100000, guid: cc8ab7f4c0918fb468c80b0b017940c1, type: 2}
  m_IsPrefabParent: 0
--- !u!4 &996016860 stripped
Transform:
  m_PrefabParentObject: {fileID: 445126, guid: ae09db5c3deadba498474914349034e9, type: 2}
  m_PrefabInternal: {fileID: 355407599}
--- !u!1001 &1003774082
Prefab:
  m_ObjectHideFlags: 0
  serializedVersion: 2
  m_Modification:
    m_TransformParent: {fileID: 1408508418}
    m_Modifications:
    - target: {fileID: 436464, guid: 70e9e02638f6bfa42bfa5d753b67d011, type: 2}
      propertyPath: m_LocalPosition.x
      value: 2.40996
      objectReference: {fileID: 0}
    - target: {fileID: 436464, guid: 70e9e02638f6bfa42bfa5d753b67d011, type: 2}
      propertyPath: m_LocalPosition.y
      value: 0.013880197
      objectReference: {fileID: 0}
    - target: {fileID: 436464, guid: 70e9e02638f6bfa42bfa5d753b67d011, type: 2}
      propertyPath: m_LocalPosition.z
      value: 0
      objectReference: {fileID: 0}
    - target: {fileID: 436464, guid: 70e9e02638f6bfa42bfa5d753b67d011, type: 2}
      propertyPath: m_LocalRotation.x
      value: 0
      objectReference: {fileID: 0}
    - target: {fileID: 436464, guid: 70e9e02638f6bfa42bfa5d753b67d011, type: 2}
      propertyPath: m_LocalRotation.y
      value: 0
      objectReference: {fileID: 0}
    - target: {fileID: 436464, guid: 70e9e02638f6bfa42bfa5d753b67d011, type: 2}
      propertyPath: m_LocalRotation.z
      value: 1
      objectReference: {fileID: 0}
    - target: {fileID: 436464, guid: 70e9e02638f6bfa42bfa5d753b67d011, type: 2}
      propertyPath: m_LocalRotation.w
      value: -0.00000016292068
      objectReference: {fileID: 0}
    - target: {fileID: 436464, guid: 70e9e02638f6bfa42bfa5d753b67d011, type: 2}
      propertyPath: m_RootOrder
      value: 3
      objectReference: {fileID: 0}
    - target: {fileID: 140968, guid: 70e9e02638f6bfa42bfa5d753b67d011, type: 2}
      propertyPath: m_Name
      value: canhao (3)
      objectReference: {fileID: 0}
    m_RemovedComponents: []
  m_ParentPrefab: {fileID: 100100000, guid: 70e9e02638f6bfa42bfa5d753b67d011, type: 2}
  m_IsPrefabParent: 0
--- !u!1001 &1025474480
Prefab:
  m_ObjectHideFlags: 0
  serializedVersion: 2
  m_Modification:
    m_TransformParent: {fileID: 1678689844}
    m_Modifications:
    - target: {fileID: 445126, guid: ae09db5c3deadba498474914349034e9, type: 2}
      propertyPath: m_LocalPosition.x
      value: 267.65
      objectReference: {fileID: 0}
    - target: {fileID: 445126, guid: ae09db5c3deadba498474914349034e9, type: 2}
      propertyPath: m_LocalPosition.y
      value: 3.6
      objectReference: {fileID: 0}
    - target: {fileID: 445126, guid: ae09db5c3deadba498474914349034e9, type: 2}
      propertyPath: m_LocalPosition.z
      value: 0
      objectReference: {fileID: 0}
    - target: {fileID: 445126, guid: ae09db5c3deadba498474914349034e9, type: 2}
      propertyPath: m_LocalRotation.x
      value: 0
      objectReference: {fileID: 0}
    - target: {fileID: 445126, guid: ae09db5c3deadba498474914349034e9, type: 2}
      propertyPath: m_LocalRotation.y
      value: 0
      objectReference: {fileID: 0}
    - target: {fileID: 445126, guid: ae09db5c3deadba498474914349034e9, type: 2}
      propertyPath: m_LocalRotation.z
      value: 0
      objectReference: {fileID: 0}
    - target: {fileID: 445126, guid: ae09db5c3deadba498474914349034e9, type: 2}
      propertyPath: m_LocalRotation.w
      value: 1
      objectReference: {fileID: 0}
    - target: {fileID: 445126, guid: ae09db5c3deadba498474914349034e9, type: 2}
      propertyPath: m_RootOrder
      value: 3
      objectReference: {fileID: 0}
    - target: {fileID: 445126, guid: ae09db5c3deadba498474914349034e9, type: 2}
      propertyPath: m_LocalScale.x
      value: 38.780144
      objectReference: {fileID: 0}
    - target: {fileID: 445126, guid: ae09db5c3deadba498474914349034e9, type: 2}
      propertyPath: m_LocalScale.y
      value: 0.40747017
      objectReference: {fileID: 0}
    - target: {fileID: 445126, guid: ae09db5c3deadba498474914349034e9, type: 2}
      propertyPath: m_LocalScale.z
      value: 1
      objectReference: {fileID: 0}
    - target: {fileID: 162020, guid: ae09db5c3deadba498474914349034e9, type: 2}
      propertyPath: m_Name
      value: platform (3)
      objectReference: {fileID: 0}
    m_RemovedComponents: []
  m_ParentPrefab: {fileID: 100100000, guid: ae09db5c3deadba498474914349034e9, type: 2}
  m_IsPrefabParent: 0
--- !u!4 &1042393494 stripped
Transform:
  m_PrefabParentObject: {fileID: 436464, guid: 70e9e02638f6bfa42bfa5d753b67d011, type: 2}
  m_PrefabInternal: {fileID: 742564107}
--- !u!4 &1057051013 stripped
Transform:
  m_PrefabParentObject: {fileID: 436464, guid: 70e9e02638f6bfa42bfa5d753b67d011, type: 2}
  m_PrefabInternal: {fileID: 1982893581}
--- !u!1 &1060462820
GameObject:
  m_ObjectHideFlags: 0
  m_PrefabParentObject: {fileID: 179070, guid: 132e201be9f6a1d438244a8aa8ceaae5, type: 2}
  m_PrefabInternal: {fileID: 0}
  serializedVersion: 4
  m_Component:
  - 4: {fileID: 1060462821}
  - 33: {fileID: 1060462827}
  - 23: {fileID: 1060462826}
  - 50: {fileID: 1060462825}
  - 61: {fileID: 1060462824}
  - 114: {fileID: 1060462823}
  - 251: {fileID: 1060462822}
  m_Layer: 0
  m_Name: bear
  m_TagString: Untagged
  m_Icon: {fileID: 0}
  m_NavMeshLayer: 0
  m_StaticEditorFlags: 0
  m_IsActive: 1
--- !u!4 &1060462821
Transform:
  m_ObjectHideFlags: 0
  m_PrefabParentObject: {fileID: 436820, guid: 132e201be9f6a1d438244a8aa8ceaae5, type: 2}
  m_PrefabInternal: {fileID: 0}
  m_GameObject: {fileID: 1060462820}
  m_LocalRotation: {x: 0, y: 0, z: 0, w: 1}
  m_LocalPosition: {x: 1.047, y: -0.3531, z: 0}
  m_LocalScale: {x: -0.27814707, y: -0.9266542, z: 1}
  m_Children: []
  m_Father: {fileID: 657327793}
  m_RootOrder: 0
--- !u!251 &1060462822
PlatformEffector2D:
  m_ObjectHideFlags: 0
  m_PrefabParentObject: {fileID: 0}
  m_PrefabInternal: {fileID: 0}
  m_GameObject: {fileID: 1060462820}
  m_Enabled: 1
  m_UseColliderMask: 1
  m_ColliderMask:
    serializedVersion: 2
    m_Bits: 4294967295
  m_UseOneWay: 0
  m_UseOneWayGrouping: 0
  m_SurfaceArc: 360
  m_UseSideFriction: 0
  m_UseSideBounce: 0
  m_SideArc: 1
--- !u!114 &1060462823
MonoBehaviour:
  m_ObjectHideFlags: 0
  m_PrefabParentObject: {fileID: 11455052, guid: 132e201be9f6a1d438244a8aa8ceaae5,
    type: 2}
  m_PrefabInternal: {fileID: 0}
  m_GameObject: {fileID: 1060462820}
  m_Enabled: 1
  m_EditorHideFlags: 0
  m_Script: {fileID: 11500000, guid: e372dc8424aa1475abef397e12637d78, type: 3}
  m_Name: 
  m_EditorClassIdentifier: 
  HP: 3
  XP: 0
  attack: 0
--- !u!61 &1060462824
BoxCollider2D:
  m_ObjectHideFlags: 0
  m_PrefabParentObject: {fileID: 6153414, guid: 132e201be9f6a1d438244a8aa8ceaae5,
    type: 2}
  m_PrefabInternal: {fileID: 0}
  m_GameObject: {fileID: 1060462820}
  m_Enabled: 1
  m_Density: 1
  m_Material: {fileID: 0}
  m_IsTrigger: 0
  m_UsedByEffector: 1
  m_Offset: {x: 0, y: 0}
  serializedVersion: 2
  m_Size: {x: 1, y: 1}
--- !u!50 &1060462825
Rigidbody2D:
  serializedVersion: 2
  m_ObjectHideFlags: 0
  m_PrefabParentObject: {fileID: 5058766, guid: 132e201be9f6a1d438244a8aa8ceaae5,
    type: 2}
  m_PrefabInternal: {fileID: 0}
  m_GameObject: {fileID: 1060462820}
  m_UseAutoMass: 0
  m_Mass: 4
  m_LinearDrag: 2
  m_AngularDrag: 0.05
  m_GravityScale: 1
  m_IsKinematic: 1
  m_Interpolate: 0
  m_SleepingMode: 1
  m_CollisionDetection: 0
  m_Constraints: 6
--- !u!23 &1060462826
MeshRenderer:
  m_ObjectHideFlags: 0
  m_PrefabParentObject: {fileID: 2324692, guid: 132e201be9f6a1d438244a8aa8ceaae5,
    type: 2}
  m_PrefabInternal: {fileID: 0}
  m_GameObject: {fileID: 1060462820}
  m_Enabled: 1
  m_CastShadows: 1
  m_ReceiveShadows: 1
  m_Materials:
  - {fileID: 2100000, guid: 25be25a310333a845a3efe9b668f6197, type: 2}
  m_SubsetIndices: 
  m_StaticBatchRoot: {fileID: 0}
  m_UseLightProbes: 1
  m_ReflectionProbeUsage: 1
  m_ProbeAnchor: {fileID: 0}
  m_ScaleInLightmap: 1
  m_PreserveUVs: 1
  m_IgnoreNormalsForChartDetection: 0
  m_ImportantGI: 0
  m_MinimumChartSize: 4
  m_AutoUVMaxDistance: 0.5
  m_AutoUVMaxAngle: 89
  m_LightmapParameters: {fileID: 0}
  m_SortingLayerID: 0
  m_SortingOrder: 0
--- !u!33 &1060462827
MeshFilter:
  m_ObjectHideFlags: 0
  m_PrefabParentObject: {fileID: 3305722, guid: 132e201be9f6a1d438244a8aa8ceaae5,
    type: 2}
  m_PrefabInternal: {fileID: 0}
  m_GameObject: {fileID: 1060462820}
  m_Mesh: {fileID: 10202, guid: 0000000000000000e000000000000000, type: 0}
--- !u!1 &1136709608 stripped
GameObject:
  m_PrefabParentObject: {fileID: 198690, guid: 228499e50ef4b3543bd6e719ec02e921, type: 2}
  m_PrefabInternal: {fileID: 1605381872}
--- !u!1 &1145110345
GameObject:
  m_ObjectHideFlags: 0
  m_PrefabParentObject: {fileID: 0}
  m_PrefabInternal: {fileID: 0}
  serializedVersion: 4
  m_Component:
  - 4: {fileID: 1145110346}
  - 23: {fileID: 1145110348}
  - 102: {fileID: 1145110347}
  m_Layer: 0
  m_Name: Shield
  m_TagString: Untagged
  m_Icon: {fileID: 0}
  m_NavMeshLayer: 0
  m_StaticEditorFlags: 0
  m_IsActive: 1
--- !u!4 &1145110346
Transform:
  m_ObjectHideFlags: 0
  m_PrefabParentObject: {fileID: 0}
  m_PrefabInternal: {fileID: 0}
  m_GameObject: {fileID: 1145110345}
  m_LocalRotation: {x: 0, y: 0, z: 0, w: 1}
  m_LocalPosition: {x: 175.1, y: -0.27999973, z: 1}
  m_LocalScale: {x: 1, y: 1, z: 1}
  m_Children: []
  m_Father: {fileID: 1724439430}
  m_RootOrder: 4
--- !u!102 &1145110347
TextMesh:
  serializedVersion: 3
  m_ObjectHideFlags: 0
  m_PrefabParentObject: {fileID: 0}
  m_PrefabInternal: {fileID: 0}
  m_GameObject: {fileID: 1145110345}
  m_Text: Press 'B' to use your shield....................................................now
  m_OffsetZ: 0
  m_CharacterSize: 0.44
  m_LineSpacing: 1
  m_Anchor: 0
  m_Alignment: 0
  m_TabSize: 4.57
  m_FontSize: 40
  m_FontStyle: 0
  m_RichText: 1
  m_Font: {fileID: 10102, guid: 0000000000000000e000000000000000, type: 0}
  m_Color:
    serializedVersion: 2
    rgba: 4278190080
--- !u!23 &1145110348
MeshRenderer:
  m_ObjectHideFlags: 0
  m_PrefabParentObject: {fileID: 0}
  m_PrefabInternal: {fileID: 0}
  m_GameObject: {fileID: 1145110345}
  m_Enabled: 1
  m_CastShadows: 1
  m_ReceiveShadows: 1
  m_Materials:
  - {fileID: 10100, guid: 0000000000000000e000000000000000, type: 0}
  m_SubsetIndices: 
  m_StaticBatchRoot: {fileID: 0}
  m_UseLightProbes: 1
  m_ReflectionProbeUsage: 1
  m_ProbeAnchor: {fileID: 0}
  m_ScaleInLightmap: 1
  m_PreserveUVs: 0
  m_IgnoreNormalsForChartDetection: 0
  m_ImportantGI: 0
  m_MinimumChartSize: 4
  m_AutoUVMaxDistance: 0.5
  m_AutoUVMaxAngle: 89
  m_LightmapParameters: {fileID: 0}
  m_SortingLayerID: 0
  m_SortingOrder: 0
--- !u!1 &1193847144
GameObject:
  m_ObjectHideFlags: 0
  m_PrefabParentObject: {fileID: 0}
  m_PrefabInternal: {fileID: 0}
  serializedVersion: 4
  m_Component:
  - 4: {fileID: 1193847145}
  - 23: {fileID: 1193847147}
  - 102: {fileID: 1193847146}
  m_Layer: 0
  m_Name: welcome
  m_TagString: Untagged
  m_Icon: {fileID: 0}
  m_NavMeshLayer: 0
  m_StaticEditorFlags: 0
  m_IsActive: 1
--- !u!4 &1193847145
Transform:
  m_ObjectHideFlags: 0
  m_PrefabParentObject: {fileID: 0}
  m_PrefabInternal: {fileID: 0}
  m_GameObject: {fileID: 1193847144}
  m_LocalRotation: {x: 0, y: 0, z: 0, w: 1}
  m_LocalPosition: {x: -0.29, y: 0.54, z: 1}
  m_LocalScale: {x: 1, y: 1, z: 1}
  m_Children: []
  m_Father: {fileID: 1724439430}
  m_RootOrder: 0
--- !u!102 &1193847146
TextMesh:
  serializedVersion: 3
  m_ObjectHideFlags: 0
  m_PrefabParentObject: {fileID: 0}
  m_PrefabInternal: {fileID: 0}
  m_GameObject: {fileID: 1193847144}
  m_Text: Welcome
  m_OffsetZ: 0
  m_CharacterSize: 0.47
  m_LineSpacing: 1
  m_Anchor: 0
  m_Alignment: 0
  m_TabSize: 4.57
  m_FontSize: 40
  m_FontStyle: 0
  m_RichText: 1
  m_Font: {fileID: 10102, guid: 0000000000000000e000000000000000, type: 0}
  m_Color:
    serializedVersion: 2
    rgba: 4294929663
--- !u!23 &1193847147
MeshRenderer:
  m_ObjectHideFlags: 0
  m_PrefabParentObject: {fileID: 0}
  m_PrefabInternal: {fileID: 0}
  m_GameObject: {fileID: 1193847144}
  m_Enabled: 1
  m_CastShadows: 1
  m_ReceiveShadows: 1
  m_Materials:
  - {fileID: 10100, guid: 0000000000000000e000000000000000, type: 0}
  m_SubsetIndices: 
  m_StaticBatchRoot: {fileID: 0}
  m_UseLightProbes: 1
  m_ReflectionProbeUsage: 1
  m_ProbeAnchor: {fileID: 0}
  m_ScaleInLightmap: 1
  m_PreserveUVs: 0
  m_IgnoreNormalsForChartDetection: 0
  m_ImportantGI: 0
  m_MinimumChartSize: 4
  m_AutoUVMaxDistance: 0.5
  m_AutoUVMaxAngle: 89
  m_LightmapParameters: {fileID: 0}
  m_SortingLayerID: 0
  m_SortingOrder: 0
--- !u!4 &1377354289 stripped
Transform:
  m_PrefabParentObject: {fileID: 441202, guid: 228499e50ef4b3543bd6e719ec02e921, type: 2}
  m_PrefabInternal: {fileID: 1605381872}
--- !u!1 &1408508417
GameObject:
  m_ObjectHideFlags: 0
  m_PrefabParentObject: {fileID: 0}
  m_PrefabInternal: {fileID: 0}
  serializedVersion: 4
  m_Component:
  - 4: {fileID: 1408508418}
  m_Layer: 0
  m_Name: Canhoes
  m_TagString: Untagged
  m_Icon: {fileID: 0}
  m_NavMeshLayer: 0
  m_StaticEditorFlags: 0
  m_IsActive: 0
--- !u!4 &1408508418
Transform:
  m_ObjectHideFlags: 0
  m_PrefabParentObject: {fileID: 0}
  m_PrefabInternal: {fileID: 0}
  m_GameObject: {fileID: 1408508417}
  m_LocalRotation: {x: 0, y: 0, z: 0, w: 1}
  m_LocalPosition: {x: 0.27, y: -44.56, z: 0}
  m_LocalScale: {x: 1, y: 1, z: 1}
  m_Children:
  - {fileID: 1057051013}
  - {fileID: 902949892}
  - {fileID: 1042393494}
  - {fileID: 293022323}
  - {fileID: 1673888002}
  - {fileID: 1468763657}
  m_Father: {fileID: 27640845}
  m_RootOrder: 0
--- !u!4 &1468763657 stripped
Transform:
  m_PrefabParentObject: {fileID: 436464, guid: 70e9e02638f6bfa42bfa5d753b67d011, type: 2}
  m_PrefabInternal: {fileID: 2099607314}
--- !u!1001 &1470287449
Prefab:
  m_ObjectHideFlags: 0
  serializedVersion: 2
  m_Modification:
    m_TransformParent: {fileID: 0}
    m_Modifications:
    - target: {fileID: 434086, guid: 2b3da1e7167f39343a8315bb23ec58dd, type: 2}
      propertyPath: m_LocalPosition.x
      value: 490.78
      objectReference: {fileID: 0}
    - target: {fileID: 434086, guid: 2b3da1e7167f39343a8315bb23ec58dd, type: 2}
      propertyPath: m_LocalPosition.y
      value: 16.6
      objectReference: {fileID: 0}
    - target: {fileID: 434086, guid: 2b3da1e7167f39343a8315bb23ec58dd, type: 2}
      propertyPath: m_LocalPosition.z
      value: -10
      objectReference: {fileID: 0}
    - target: {fileID: 434086, guid: 2b3da1e7167f39343a8315bb23ec58dd, type: 2}
      propertyPath: m_LocalRotation.x
      value: 0
      objectReference: {fileID: 0}
    - target: {fileID: 434086, guid: 2b3da1e7167f39343a8315bb23ec58dd, type: 2}
      propertyPath: m_LocalRotation.y
      value: 0
      objectReference: {fileID: 0}
    - target: {fileID: 434086, guid: 2b3da1e7167f39343a8315bb23ec58dd, type: 2}
      propertyPath: m_LocalRotation.z
      value: 0
      objectReference: {fileID: 0}
    - target: {fileID: 434086, guid: 2b3da1e7167f39343a8315bb23ec58dd, type: 2}
      propertyPath: m_LocalRotation.w
      value: 1
      objectReference: {fileID: 0}
    - target: {fileID: 434086, guid: 2b3da1e7167f39343a8315bb23ec58dd, type: 2}
      propertyPath: m_RootOrder
      value: 1
      objectReference: {fileID: 0}
    m_RemovedComponents: []
  m_ParentPrefab: {fileID: 100100000, guid: 2b3da1e7167f39343a8315bb23ec58dd, type: 2}
  m_IsPrefabParent: 0
--- !u!1001 &1605381872
Prefab:
  m_ObjectHideFlags: 0
  serializedVersion: 2
  m_Modification:
    m_TransformParent: {fileID: 0}
    m_Modifications:
    - target: {fileID: 441202, guid: 228499e50ef4b3543bd6e719ec02e921, type: 2}
      propertyPath: m_LocalPosition.x
      value: 14.5
      objectReference: {fileID: 0}
    - target: {fileID: 441202, guid: 228499e50ef4b3543bd6e719ec02e921, type: 2}
      propertyPath: m_LocalPosition.y
      value: 6.9
      objectReference: {fileID: 0}
    - target: {fileID: 441202, guid: 228499e50ef4b3543bd6e719ec02e921, type: 2}
      propertyPath: m_LocalPosition.z
      value: -0.1
      objectReference: {fileID: 0}
    - target: {fileID: 441202, guid: 228499e50ef4b3543bd6e719ec02e921, type: 2}
      propertyPath: m_LocalRotation.x
      value: 0
      objectReference: {fileID: 0}
    - target: {fileID: 441202, guid: 228499e50ef4b3543bd6e719ec02e921, type: 2}
      propertyPath: m_LocalRotation.y
      value: 0
      objectReference: {fileID: 0}
    - target: {fileID: 441202, guid: 228499e50ef4b3543bd6e719ec02e921, type: 2}
      propertyPath: m_LocalRotation.z
      value: 0
      objectReference: {fileID: 0}
    - target: {fileID: 441202, guid: 228499e50ef4b3543bd6e719ec02e921, type: 2}
      propertyPath: m_LocalRotation.w
      value: 1
      objectReference: {fileID: 0}
    - target: {fileID: 441202, guid: 228499e50ef4b3543bd6e719ec02e921, type: 2}
      propertyPath: m_RootOrder
      value: 6
      objectReference: {fileID: 0}
    - target: {fileID: 6181746, guid: 228499e50ef4b3543bd6e719ec02e921, type: 2}
      propertyPath: m_Offset.x
      value: 0.02289864
      objectReference: {fileID: 0}
    - target: {fileID: 6181746, guid: 228499e50ef4b3543bd6e719ec02e921, type: 2}
      propertyPath: m_Offset.y
      value: 0.36712474
      objectReference: {fileID: 0}
    - target: {fileID: 6181746, guid: 228499e50ef4b3543bd6e719ec02e921, type: 2}
      propertyPath: m_Size.x
      value: 0.93321496
      objectReference: {fileID: 0}
    - target: {fileID: 456300, guid: 228499e50ef4b3543bd6e719ec02e921, type: 2}
      propertyPath: m_LocalRotation.z
      value: 0.7071068
      objectReference: {fileID: 0}
    - target: {fileID: 456300, guid: 228499e50ef4b3543bd6e719ec02e921, type: 2}
      propertyPath: m_LocalRotation.w
      value: 0.7071067
      objectReference: {fileID: 0}
    - target: {fileID: 6123034, guid: 228499e50ef4b3543bd6e719ec02e921, type: 2}
      propertyPath: m_Offset.x
      value: 0.0000010766878
      objectReference: {fileID: 0}
    - target: {fileID: 6123034, guid: 228499e50ef4b3543bd6e719ec02e921, type: 2}
      propertyPath: m_Size.x
      value: 1.083414
      objectReference: {fileID: 0}
    - target: {fileID: 6176646, guid: 228499e50ef4b3543bd6e719ec02e921, type: 2}
      propertyPath: m_Offset.x
      value: 0.010076802
      objectReference: {fileID: 0}
    - target: {fileID: 6176646, guid: 228499e50ef4b3543bd6e719ec02e921, type: 2}
      propertyPath: m_Offset.y
      value: 0.03029811
      objectReference: {fileID: 0}
    - target: {fileID: 6176646, guid: 228499e50ef4b3543bd6e719ec02e921, type: 2}
      propertyPath: m_Size.x
      value: 1.4233205
      objectReference: {fileID: 0}
    - target: {fileID: 6123034, guid: 228499e50ef4b3543bd6e719ec02e921, type: 2}
      propertyPath: m_Offset.y
      value: -0.104978085
      objectReference: {fileID: 0}
    - target: {fileID: 6123034, guid: 228499e50ef4b3543bd6e719ec02e921, type: 2}
      propertyPath: m_Size.y
      value: 1.2099535
      objectReference: {fileID: 0}
    - target: {fileID: 488178, guid: 228499e50ef4b3543bd6e719ec02e921, type: 2}
      propertyPath: m_LocalRotation.z
      value: -0.038109403
      objectReference: {fileID: 0}
    - target: {fileID: 488178, guid: 228499e50ef4b3543bd6e719ec02e921, type: 2}
      propertyPath: m_LocalRotation.w
      value: 0.99927366
      objectReference: {fileID: 0}
    m_RemovedComponents: []
  m_ParentPrefab: {fileID: 100100000, guid: 228499e50ef4b3543bd6e719ec02e921, type: 2}
  m_IsPrefabParent: 0
--- !u!4 &1629017736 stripped
Transform:
  m_PrefabParentObject: {fileID: 445126, guid: ae09db5c3deadba498474914349034e9, type: 2}
  m_PrefabInternal: {fileID: 1724678764}
--- !u!4 &1631664110 stripped
Transform:
  m_PrefabParentObject: {fileID: 455370, guid: cc8ab7f4c0918fb468c80b0b017940c1, type: 2}
  m_PrefabInternal: {fileID: 2118998420}
--- !u!1001 &1644178952
Prefab:
  m_ObjectHideFlags: 0
  serializedVersion: 2
  m_Modification:
    m_TransformParent: {fileID: 0}
    m_Modifications:
    - target: {fileID: 428864, guid: dc6e67033ccad644480b75c95b6d5d94, type: 2}
      propertyPath: m_LocalPosition.x
      value: 413.31845
      objectReference: {fileID: 0}
    - target: {fileID: 428864, guid: dc6e67033ccad644480b75c95b6d5d94, type: 2}
      propertyPath: m_LocalPosition.y
      value: 19.3
      objectReference: {fileID: 0}
    - target: {fileID: 428864, guid: dc6e67033ccad644480b75c95b6d5d94, type: 2}
      propertyPath: m_LocalPosition.z
      value: 0
      objectReference: {fileID: 0}
    - target: {fileID: 428864, guid: dc6e67033ccad644480b75c95b6d5d94, type: 2}
      propertyPath: m_LocalRotation.x
      value: 0
      objectReference: {fileID: 0}
    - target: {fileID: 428864, guid: dc6e67033ccad644480b75c95b6d5d94, type: 2}
      propertyPath: m_LocalRotation.y
      value: 0
      objectReference: {fileID: 0}
    - target: {fileID: 428864, guid: dc6e67033ccad644480b75c95b6d5d94, type: 2}
      propertyPath: m_LocalRotation.z
      value: 0
      objectReference: {fileID: 0}
    - target: {fileID: 428864, guid: dc6e67033ccad644480b75c95b6d5d94, type: 2}
      propertyPath: m_LocalRotation.w
      value: 1
      objectReference: {fileID: 0}
    - target: {fileID: 428864, guid: dc6e67033ccad644480b75c95b6d5d94, type: 2}
      propertyPath: m_RootOrder
      value: 1
      objectReference: {fileID: 0}
    - target: {fileID: 184956, guid: dc6e67033ccad644480b75c95b6d5d94, type: 2}
      propertyPath: m_Name
      value: fluffyBall (1)
      objectReference: {fileID: 0}
    - target: {fileID: 449798, guid: dc6e67033ccad644480b75c95b6d5d94, type: 2}
      propertyPath: m_LocalPosition.x
      value: 0
      objectReference: {fileID: 0}
    - target: {fileID: 489070, guid: dc6e67033ccad644480b75c95b6d5d94, type: 2}
      propertyPath: m_LocalPosition.x
      value: 0
      objectReference: {fileID: 0}
    m_RemovedComponents: []
  m_ParentPrefab: {fileID: 100100000, guid: dc6e67033ccad644480b75c95b6d5d94, type: 2}
  m_IsPrefabParent: 0
--- !u!4 &1673888002 stripped
Transform:
  m_PrefabParentObject: {fileID: 436464, guid: 70e9e02638f6bfa42bfa5d753b67d011, type: 2}
  m_PrefabInternal: {fileID: 937916992}
--- !u!1001 &1678130476
Prefab:
  m_ObjectHideFlags: 0
  serializedVersion: 2
  m_Modification:
    m_TransformParent: {fileID: 1678689844}
    m_Modifications:
    - target: {fileID: 445126, guid: ae09db5c3deadba498474914349034e9, type: 2}
      propertyPath: m_LocalPosition.x
      value: -19.04
      objectReference: {fileID: 0}
    - target: {fileID: 445126, guid: ae09db5c3deadba498474914349034e9, type: 2}
      propertyPath: m_LocalPosition.y
      value: -0.7273871
      objectReference: {fileID: 0}
    - target: {fileID: 445126, guid: ae09db5c3deadba498474914349034e9, type: 2}
      propertyPath: m_LocalPosition.z
      value: 0
      objectReference: {fileID: 0}
    - target: {fileID: 445126, guid: ae09db5c3deadba498474914349034e9, type: 2}
      propertyPath: m_LocalRotation.x
      value: 0
      objectReference: {fileID: 0}
    - target: {fileID: 445126, guid: ae09db5c3deadba498474914349034e9, type: 2}
      propertyPath: m_LocalRotation.y
      value: 0
      objectReference: {fileID: 0}
    - target: {fileID: 445126, guid: ae09db5c3deadba498474914349034e9, type: 2}
      propertyPath: m_LocalRotation.z
      value: 0
      objectReference: {fileID: 0}
    - target: {fileID: 445126, guid: ae09db5c3deadba498474914349034e9, type: 2}
      propertyPath: m_LocalRotation.w
      value: 1
      objectReference: {fileID: 0}
    - target: {fileID: 445126, guid: ae09db5c3deadba498474914349034e9, type: 2}
      propertyPath: m_RootOrder
      value: 0
      objectReference: {fileID: 0}
    - target: {fileID: 445126, guid: ae09db5c3deadba498474914349034e9, type: 2}
      propertyPath: m_LocalScale.x
      value: 75.8779
      objectReference: {fileID: 0}
    - target: {fileID: 445126, guid: ae09db5c3deadba498474914349034e9, type: 2}
      propertyPath: m_LocalScale.y
      value: 0.4617092
      objectReference: {fileID: 0}
    - target: {fileID: 445126, guid: ae09db5c3deadba498474914349034e9, type: 2}
      propertyPath: m_LocalScale.z
      value: 1
      objectReference: {fileID: 0}
    - target: {fileID: 25120698, guid: ae09db5c3deadba498474914349034e9, type: 2}
      propertyPath: m_UseSideFriction
      value: 0
      objectReference: {fileID: 0}
    - target: {fileID: 25120698, guid: ae09db5c3deadba498474914349034e9, type: 2}
      propertyPath: m_UseSideBounce
      value: 0
      objectReference: {fileID: 0}
    m_RemovedComponents: []
  m_ParentPrefab: {fileID: 100100000, guid: ae09db5c3deadba498474914349034e9, type: 2}
  m_IsPrefabParent: 0
--- !u!1 &1678689843
GameObject:
  m_ObjectHideFlags: 0
  m_PrefabParentObject: {fileID: 0}
  m_PrefabInternal: {fileID: 0}
  serializedVersion: 4
  m_Component:
  - 4: {fileID: 1678689844}
  m_Layer: 8
  m_Name: platforms
  m_TagString: Untagged
  m_Icon: {fileID: 0}
  m_NavMeshLayer: 0
  m_StaticEditorFlags: 0
  m_IsActive: 1
--- !u!4 &1678689844
Transform:
  m_ObjectHideFlags: 0
  m_PrefabParentObject: {fileID: 0}
  m_PrefabInternal: {fileID: 0}
  m_GameObject: {fileID: 1678689843}
  m_LocalRotation: {x: 0, y: 0, z: 0, w: 1}
  m_LocalPosition: {x: 75.12, y: 5.92, z: 0}
  m_LocalScale: {x: 1.134979, y: 1.9167542, z: 0.88498306}
  m_Children:
  - {fileID: 72274253}
  - {fileID: 879141002}
  - {fileID: 505449611}
  - {fileID: 1959629426}
  - {fileID: 1629017736}
  - {fileID: 2060338503}
  - {fileID: 996016860}
  m_Father: {fileID: 0}
  m_RootOrder: 12
--- !u!1 &1724439429
GameObject:
  m_ObjectHideFlags: 0
  m_PrefabParentObject: {fileID: 0}
  m_PrefabInternal: {fileID: 0}
  serializedVersion: 4
  m_Component:
  - 4: {fileID: 1724439430}
  m_Layer: 0
  m_Name: text
  m_TagString: Untagged
  m_Icon: {fileID: 0}
  m_NavMeshLayer: 0
  m_StaticEditorFlags: 0
  m_IsActive: 1
--- !u!4 &1724439430
Transform:
  m_ObjectHideFlags: 0
  m_PrefabParentObject: {fileID: 0}
  m_PrefabInternal: {fileID: 0}
  m_GameObject: {fileID: 1724439429}
  m_LocalRotation: {x: 0, y: 0, z: 0, w: 1}
  m_LocalPosition: {x: 20.11, y: 11.2, z: -0.09375}
  m_LocalScale: {x: 1, y: 1, z: 1}
  m_Children:
  - {fileID: 1193847145}
  - {fileID: 549930845}
  - {fileID: 239437904}
  - {fileID: 386719861}
  - {fileID: 1145110346}
  - {fileID: 82806265}
  - {fileID: 2052042291}
  - {fileID: 915343720}
  - {fileID: 1921760181}
  m_Father: {fileID: 0}
  m_RootOrder: 11
--- !u!1001 &1724678764
Prefab:
  m_ObjectHideFlags: 0
  serializedVersion: 2
  m_Modification:
    m_TransformParent: {fileID: 1678689844}
    m_Modifications:
    - target: {fileID: 445126, guid: ae09db5c3deadba498474914349034e9, type: 2}
      propertyPath: m_LocalPosition.x
      value: 336.97
      objectReference: {fileID: 0}
    - target: {fileID: 445126, guid: ae09db5c3deadba498474914349034e9, type: 2}
      propertyPath: m_LocalPosition.y
      value: 3.6
      objectReference: {fileID: 0}
    - target: {fileID: 445126, guid: ae09db5c3deadba498474914349034e9, type: 2}
      propertyPath: m_LocalPosition.z
      value: 0
      objectReference: {fileID: 0}
    - target: {fileID: 445126, guid: ae09db5c3deadba498474914349034e9, type: 2}
      propertyPath: m_LocalRotation.x
      value: 0
      objectReference: {fileID: 0}
    - target: {fileID: 445126, guid: ae09db5c3deadba498474914349034e9, type: 2}
      propertyPath: m_LocalRotation.y
      value: 0
      objectReference: {fileID: 0}
    - target: {fileID: 445126, guid: ae09db5c3deadba498474914349034e9, type: 2}
      propertyPath: m_LocalRotation.z
      value: 0
      objectReference: {fileID: 0}
    - target: {fileID: 445126, guid: ae09db5c3deadba498474914349034e9, type: 2}
      propertyPath: m_LocalRotation.w
      value: 1
      objectReference: {fileID: 0}
    - target: {fileID: 445126, guid: ae09db5c3deadba498474914349034e9, type: 2}
      propertyPath: m_RootOrder
      value: 4
      objectReference: {fileID: 0}
    - target: {fileID: 445126, guid: ae09db5c3deadba498474914349034e9, type: 2}
      propertyPath: m_LocalScale.x
      value: 73.90427
      objectReference: {fileID: 0}
    - target: {fileID: 445126, guid: ae09db5c3deadba498474914349034e9, type: 2}
      propertyPath: m_LocalScale.y
      value: 0.40747017
      objectReference: {fileID: 0}
    - target: {fileID: 445126, guid: ae09db5c3deadba498474914349034e9, type: 2}
      propertyPath: m_LocalScale.z
      value: 1
      objectReference: {fileID: 0}
    - target: {fileID: 162020, guid: ae09db5c3deadba498474914349034e9, type: 2}
      propertyPath: m_Name
      value: platform (4)
      objectReference: {fileID: 0}
    m_RemovedComponents: []
  m_ParentPrefab: {fileID: 100100000, guid: ae09db5c3deadba498474914349034e9, type: 2}
  m_IsPrefabParent: 0
--- !u!1001 &1880422817
Prefab:
  m_ObjectHideFlags: 0
  serializedVersion: 2
  m_Modification:
    m_TransformParent: {fileID: 2086113176}
    m_Modifications:
    - target: {fileID: 455370, guid: cc8ab7f4c0918fb468c80b0b017940c1, type: 2}
      propertyPath: m_LocalPosition.x
      value: -1.02
      objectReference: {fileID: 0}
    - target: {fileID: 455370, guid: cc8ab7f4c0918fb468c80b0b017940c1, type: 2}
      propertyPath: m_LocalPosition.y
      value: -119.34
      objectReference: {fileID: 0}
    - target: {fileID: 455370, guid: cc8ab7f4c0918fb468c80b0b017940c1, type: 2}
      propertyPath: m_LocalPosition.z
      value: -0.1
      objectReference: {fileID: 0}
    - target: {fileID: 455370, guid: cc8ab7f4c0918fb468c80b0b017940c1, type: 2}
      propertyPath: m_LocalRotation.x
      value: 0
      objectReference: {fileID: 0}
    - target: {fileID: 455370, guid: cc8ab7f4c0918fb468c80b0b017940c1, type: 2}
      propertyPath: m_LocalRotation.y
      value: 0
      objectReference: {fileID: 0}
    - target: {fileID: 455370, guid: cc8ab7f4c0918fb468c80b0b017940c1, type: 2}
      propertyPath: m_LocalRotation.z
      value: -0.7050676
      objectReference: {fileID: 0}
    - target: {fileID: 455370, guid: cc8ab7f4c0918fb468c80b0b017940c1, type: 2}
      propertyPath: m_LocalRotation.w
      value: 0.7091401
      objectReference: {fileID: 0}
    - target: {fileID: 455370, guid: cc8ab7f4c0918fb468c80b0b017940c1, type: 2}
      propertyPath: m_RootOrder
      value: 2
      objectReference: {fileID: 0}
    - target: {fileID: 189080, guid: cc8ab7f4c0918fb468c80b0b017940c1, type: 2}
      propertyPath: m_Name
      value: mushroom (2)
      objectReference: {fileID: 0}
    - target: {fileID: 0}
      propertyPath: player
      value: 
      objectReference: {fileID: 1136709608}
    - target: {fileID: 0}
      propertyPath: m_Enabled
      value: 0
      objectReference: {fileID: 0}
    - target: {fileID: 189080, guid: cc8ab7f4c0918fb468c80b0b017940c1, type: 2}
      propertyPath: m_Layer
      value: 0
      objectReference: {fileID: 0}
    m_RemovedComponents:
    - {fileID: 0}
  m_ParentPrefab: {fileID: 100100000, guid: cc8ab7f4c0918fb468c80b0b017940c1, type: 2}
  m_IsPrefabParent: 0
--- !u!1 &1921760180
GameObject:
  m_ObjectHideFlags: 0
  m_PrefabParentObject: {fileID: 0}
  m_PrefabInternal: {fileID: 0}
  serializedVersion: 4
  m_Component:
  - 4: {fileID: 1921760181}
  - 23: {fileID: 1921760183}
  - 102: {fileID: 1921760182}
  m_Layer: 0
  m_Name: Final
  m_TagString: Untagged
  m_Icon: {fileID: 0}
  m_NavMeshLayer: 0
  m_StaticEditorFlags: 0
  m_IsActive: 1
--- !u!4 &1921760181
Transform:
  m_ObjectHideFlags: 0
  m_PrefabParentObject: {fileID: 0}
  m_PrefabInternal: {fileID: 0}
  m_GameObject: {fileID: 1921760180}
  m_LocalRotation: {x: 0, y: 0, z: 0, w: 1}
  m_LocalPosition: {x: 406.12, y: 8.399999, z: 1}
  m_LocalScale: {x: 1, y: 1, z: 1}
  m_Children: []
  m_Father: {fileID: 1724439430}
  m_RootOrder: 8
--- !u!102 &1921760182
TextMesh:
  serializedVersion: 3
  m_ObjectHideFlags: 0
  m_PrefabParentObject: {fileID: 0}
  m_PrefabInternal: {fileID: 0}
  m_GameObject: {fileID: 1921760180}
  m_Text: "Good job, to finish, here's a enemy \n  for you to deal with good luck
    <3"
  m_OffsetZ: 0
  m_CharacterSize: 0.29
  m_LineSpacing: 1
  m_Anchor: 0
  m_Alignment: 0
  m_TabSize: 4.57
  m_FontSize: 40
  m_FontStyle: 0
  m_RichText: 1
  m_Font: {fileID: 10102, guid: 0000000000000000e000000000000000, type: 0}
  m_Color:
    serializedVersion: 2
    rgba: 4278190080
--- !u!23 &1921760183
MeshRenderer:
  m_ObjectHideFlags: 0
  m_PrefabParentObject: {fileID: 0}
  m_PrefabInternal: {fileID: 0}
  m_GameObject: {fileID: 1921760180}
  m_Enabled: 1
  m_CastShadows: 1
  m_ReceiveShadows: 1
  m_Materials:
  - {fileID: 10100, guid: 0000000000000000e000000000000000, type: 0}
  m_SubsetIndices: 
  m_StaticBatchRoot: {fileID: 0}
  m_UseLightProbes: 1
  m_ReflectionProbeUsage: 1
  m_ProbeAnchor: {fileID: 0}
  m_ScaleInLightmap: 1
  m_PreserveUVs: 0
  m_IgnoreNormalsForChartDetection: 0
  m_ImportantGI: 0
  m_MinimumChartSize: 4
  m_AutoUVMaxDistance: 0.5
  m_AutoUVMaxAngle: 89
  m_LightmapParameters: {fileID: 0}
  m_SortingLayerID: 0
  m_SortingOrder: 0
--- !u!4 &1959629426 stripped
Transform:
  m_PrefabParentObject: {fileID: 445126, guid: ae09db5c3deadba498474914349034e9, type: 2}
  m_PrefabInternal: {fileID: 1025474480}
--- !u!1001 &1972224910
Prefab:
  m_ObjectHideFlags: 0
  serializedVersion: 2
  m_Modification:
    m_TransformParent: {fileID: 2086113176}
    m_Modifications:
    - target: {fileID: 455370, guid: cc8ab7f4c0918fb468c80b0b017940c1, type: 2}
      propertyPath: m_LocalPosition.x
      value: -1.26
      objectReference: {fileID: 0}
    - target: {fileID: 455370, guid: cc8ab7f4c0918fb468c80b0b017940c1, type: 2}
      propertyPath: m_LocalPosition.y
      value: -117.38
      objectReference: {fileID: 0}
    - target: {fileID: 455370, guid: cc8ab7f4c0918fb468c80b0b017940c1, type: 2}
      propertyPath: m_LocalPosition.z
      value: -0
      objectReference: {fileID: 0}
    - target: {fileID: 455370, guid: cc8ab7f4c0918fb468c80b0b017940c1, type: 2}
      propertyPath: m_LocalRotation.x
      value: 0
      objectReference: {fileID: 0}
    - target: {fileID: 455370, guid: cc8ab7f4c0918fb468c80b0b017940c1, type: 2}
      propertyPath: m_LocalRotation.y
      value: 0
      objectReference: {fileID: 0}
    - target: {fileID: 455370, guid: cc8ab7f4c0918fb468c80b0b017940c1, type: 2}
      propertyPath: m_LocalRotation.z
      value: -0.7050676
      objectReference: {fileID: 0}
    - target: {fileID: 455370, guid: cc8ab7f4c0918fb468c80b0b017940c1, type: 2}
      propertyPath: m_LocalRotation.w
      value: 0.7091401
      objectReference: {fileID: 0}
    - target: {fileID: 455370, guid: cc8ab7f4c0918fb468c80b0b017940c1, type: 2}
      propertyPath: m_RootOrder
      value: 1
      objectReference: {fileID: 0}
    - target: {fileID: 189080, guid: cc8ab7f4c0918fb468c80b0b017940c1, type: 2}
      propertyPath: m_Name
      value: mushroom (1)
      objectReference: {fileID: 0}
    m_RemovedComponents: []
  m_ParentPrefab: {fileID: 100100000, guid: cc8ab7f4c0918fb468c80b0b017940c1, type: 2}
  m_IsPrefabParent: 0
--- !u!4 &1975141894 stripped
Transform:
  m_PrefabParentObject: {fileID: 455370, guid: cc8ab7f4c0918fb468c80b0b017940c1, type: 2}
  m_PrefabInternal: {fileID: 978696909}
--- !u!1 &1975878648
GameObject:
  m_ObjectHideFlags: 0
  m_PrefabParentObject: {fileID: 0}
  m_PrefabInternal: {fileID: 0}
  serializedVersion: 4
  m_Component:
  - 4: {fileID: 1975878650}
  - 108: {fileID: 1975878649}
  m_Layer: 0
  m_Name: Directional Light
  m_TagString: Untagged
  m_Icon: {fileID: 0}
  m_NavMeshLayer: 0
  m_StaticEditorFlags: 0
  m_IsActive: 1
--- !u!108 &1975878649
Light:
  m_ObjectHideFlags: 0
  m_PrefabParentObject: {fileID: 0}
  m_PrefabInternal: {fileID: 0}
  m_GameObject: {fileID: 1975878648}
  m_Enabled: 1
  serializedVersion: 6
  m_Type: 1
  m_Color: {r: 1, g: 0.95686275, b: 0.8392157, a: 1}
  m_Intensity: 1
  m_Range: 10
  m_SpotAngle: 30
  m_CookieSize: 10
  m_Shadows:
    m_Type: 2
    m_Resolution: -1
    m_Strength: 1
    m_Bias: 0.05
    m_NormalBias: 0.4
    m_NearPlane: 0.2
  m_Cookie: {fileID: 0}
  m_DrawHalo: 0
  m_Flare: {fileID: 0}
  m_RenderMode: 0
  m_CullingMask:
    serializedVersion: 2
    m_Bits: 4294967295
  m_Lightmapping: 4
  m_BounceIntensity: 1
  m_ShadowRadius: 0
  m_ShadowAngle: 0
  m_AreaSize: {x: 1, y: 1}
--- !u!4 &1975878650
Transform:
  m_ObjectHideFlags: 0
  m_PrefabParentObject: {fileID: 0}
  m_PrefabInternal: {fileID: 0}
  m_GameObject: {fileID: 1975878648}
  m_LocalRotation: {x: 0.40821794, y: -0.23456973, z: 0.109381676, w: 0.87542605}
  m_LocalPosition: {x: 0, y: 3, z: 0}
  m_LocalScale: {x: 1, y: 1, z: 1}
  m_Children: []
  m_Father: {fileID: 0}
  m_RootOrder: 10
--- !u!1001 &1976848688
Prefab:
  m_ObjectHideFlags: 0
  serializedVersion: 2
  m_Modification:
    m_TransformParent: {fileID: 2086113176}
    m_Modifications:
    - target: {fileID: 455370, guid: cc8ab7f4c0918fb468c80b0b017940c1, type: 2}
      propertyPath: m_LocalPosition.x
      value: -1
      objectReference: {fileID: 0}
    - target: {fileID: 455370, guid: cc8ab7f4c0918fb468c80b0b017940c1, type: 2}
      propertyPath: m_LocalPosition.y
      value: -123.19
      objectReference: {fileID: 0}
    - target: {fileID: 455370, guid: cc8ab7f4c0918fb468c80b0b017940c1, type: 2}
      propertyPath: m_LocalPosition.z
      value: -0.1
      objectReference: {fileID: 0}
    - target: {fileID: 455370, guid: cc8ab7f4c0918fb468c80b0b017940c1, type: 2}
      propertyPath: m_LocalRotation.x
      value: 0
      objectReference: {fileID: 0}
    - target: {fileID: 455370, guid: cc8ab7f4c0918fb468c80b0b017940c1, type: 2}
      propertyPath: m_LocalRotation.y
      value: 0
      objectReference: {fileID: 0}
    - target: {fileID: 455370, guid: cc8ab7f4c0918fb468c80b0b017940c1, type: 2}
      propertyPath: m_LocalRotation.z
      value: -0.7050676
      objectReference: {fileID: 0}
    - target: {fileID: 455370, guid: cc8ab7f4c0918fb468c80b0b017940c1, type: 2}
      propertyPath: m_LocalRotation.w
      value: 0.7091401
      objectReference: {fileID: 0}
    - target: {fileID: 455370, guid: cc8ab7f4c0918fb468c80b0b017940c1, type: 2}
      propertyPath: m_RootOrder
      value: 0
      objectReference: {fileID: 0}
    - target: {fileID: 0}
      propertyPath: player
      value: 
      objectReference: {fileID: 1136709608}
    - target: {fileID: 0}
      propertyPath: m_Enabled
      value: 0
      objectReference: {fileID: 0}
    - target: {fileID: 189080, guid: cc8ab7f4c0918fb468c80b0b017940c1, type: 2}
      propertyPath: m_Layer
      value: 0
      objectReference: {fileID: 0}
    m_RemovedComponents:
    - {fileID: 0}
  m_ParentPrefab: {fileID: 100100000, guid: cc8ab7f4c0918fb468c80b0b017940c1, type: 2}
  m_IsPrefabParent: 0
--- !u!1001 &1982893581
Prefab:
  m_ObjectHideFlags: 0
  serializedVersion: 2
  m_Modification:
    m_TransformParent: {fileID: 1408508418}
    m_Modifications:
    - target: {fileID: 436464, guid: 70e9e02638f6bfa42bfa5d753b67d011, type: 2}
      propertyPath: m_LocalPosition.x
      value: -1.0643039
      objectReference: {fileID: 0}
    - target: {fileID: 436464, guid: 70e9e02638f6bfa42bfa5d753b67d011, type: 2}
      propertyPath: m_LocalPosition.y
      value: -0.0061298725
      objectReference: {fileID: 0}
    - target: {fileID: 436464, guid: 70e9e02638f6bfa42bfa5d753b67d011, type: 2}
      propertyPath: m_LocalPosition.z
      value: 0
      objectReference: {fileID: 0}
    - target: {fileID: 436464, guid: 70e9e02638f6bfa42bfa5d753b67d011, type: 2}
      propertyPath: m_LocalRotation.x
      value: 0
      objectReference: {fileID: 0}
    - target: {fileID: 436464, guid: 70e9e02638f6bfa42bfa5d753b67d011, type: 2}
      propertyPath: m_LocalRotation.y
      value: 0
      objectReference: {fileID: 0}
    - target: {fileID: 436464, guid: 70e9e02638f6bfa42bfa5d753b67d011, type: 2}
      propertyPath: m_LocalRotation.z
      value: 1
      objectReference: {fileID: 0}
    - target: {fileID: 436464, guid: 70e9e02638f6bfa42bfa5d753b67d011, type: 2}
      propertyPath: m_LocalRotation.w
      value: -0.00000016292068
      objectReference: {fileID: 0}
    - target: {fileID: 436464, guid: 70e9e02638f6bfa42bfa5d753b67d011, type: 2}
      propertyPath: m_RootOrder
      value: 0
      objectReference: {fileID: 0}
    m_RemovedComponents: []
  m_ParentPrefab: {fileID: 100100000, guid: 70e9e02638f6bfa42bfa5d753b67d011, type: 2}
  m_IsPrefabParent: 0
--- !u!1001 &2047463030
Prefab:
  m_ObjectHideFlags: 0
  serializedVersion: 2
  m_Modification:
    m_TransformParent: {fileID: 1408508418}
    m_Modifications:
    - target: {fileID: 436464, guid: 70e9e02638f6bfa42bfa5d753b67d011, type: 2}
      propertyPath: m_LocalPosition.x
      value: 0
      objectReference: {fileID: 0}
    - target: {fileID: 436464, guid: 70e9e02638f6bfa42bfa5d753b67d011, type: 2}
      propertyPath: m_LocalPosition.y
      value: 0
      objectReference: {fileID: 0}
    - target: {fileID: 436464, guid: 70e9e02638f6bfa42bfa5d753b67d011, type: 2}
      propertyPath: m_LocalPosition.z
      value: 0
      objectReference: {fileID: 0}
    - target: {fileID: 436464, guid: 70e9e02638f6bfa42bfa5d753b67d011, type: 2}
      propertyPath: m_LocalRotation.x
      value: 0
      objectReference: {fileID: 0}
    - target: {fileID: 436464, guid: 70e9e02638f6bfa42bfa5d753b67d011, type: 2}
      propertyPath: m_LocalRotation.y
      value: 0
      objectReference: {fileID: 0}
    - target: {fileID: 436464, guid: 70e9e02638f6bfa42bfa5d753b67d011, type: 2}
      propertyPath: m_LocalRotation.z
      value: 1
      objectReference: {fileID: 0}
    - target: {fileID: 436464, guid: 70e9e02638f6bfa42bfa5d753b67d011, type: 2}
      propertyPath: m_LocalRotation.w
      value: -0.00000016292068
      objectReference: {fileID: 0}
    - target: {fileID: 436464, guid: 70e9e02638f6bfa42bfa5d753b67d011, type: 2}
      propertyPath: m_RootOrder
      value: 1
      objectReference: {fileID: 0}
    - target: {fileID: 140968, guid: 70e9e02638f6bfa42bfa5d753b67d011, type: 2}
      propertyPath: m_Name
      value: canhao (1)
      objectReference: {fileID: 0}
    m_RemovedComponents: []
  m_ParentPrefab: {fileID: 100100000, guid: 70e9e02638f6bfa42bfa5d753b67d011, type: 2}
  m_IsPrefabParent: 0
--- !u!1 &2052042290
GameObject:
  m_ObjectHideFlags: 0
  m_PrefabParentObject: {fileID: 0}
  m_PrefabInternal: {fileID: 0}
  serializedVersion: 4
  m_Component:
  - 4: {fileID: 2052042291}
  - 23: {fileID: 2052042293}
  - 102: {fileID: 2052042292}
  m_Layer: 0
  m_Name: shrooms
  m_TagString: Untagged
  m_Icon: {fileID: 0}
  m_NavMeshLayer: 0
  m_StaticEditorFlags: 0
  m_IsActive: 1
--- !u!4 &2052042291
Transform:
  m_ObjectHideFlags: 0
  m_PrefabParentObject: {fileID: 0}
  m_PrefabInternal: {fileID: 0}
  m_GameObject: {fileID: 2052042290}
  m_LocalRotation: {x: 0, y: 0, z: 0, w: 1}
  m_LocalPosition: {x: 314.1, y: -0.15, z: 1}
  m_LocalScale: {x: 1, y: 1, z: 1}
  m_Children: []
  m_Father: {fileID: 1724439430}
  m_RootOrder: 6
--- !u!102 &2052042292
TextMesh:
  serializedVersion: 3
  m_ObjectHideFlags: 0
  m_PrefabParentObject: {fileID: 0}
  m_PrefabInternal: {fileID: 0}
  m_GameObject: {fileID: 2052042290}
  m_Text: "Try jumping on these\n\t\t shrooms"
  m_OffsetZ: 0
  m_CharacterSize: 0.44
  m_LineSpacing: 1
  m_Anchor: 0
  m_Alignment: 0
  m_TabSize: 4.57
  m_FontSize: 40
  m_FontStyle: 0
  m_RichText: 1
  m_Font: {fileID: 10102, guid: 0000000000000000e000000000000000, type: 0}
  m_Color:
    serializedVersion: 2
    rgba: 4278190080
--- !u!23 &2052042293
MeshRenderer:
  m_ObjectHideFlags: 0
  m_PrefabParentObject: {fileID: 0}
  m_PrefabInternal: {fileID: 0}
  m_GameObject: {fileID: 2052042290}
  m_Enabled: 1
  m_CastShadows: 1
  m_ReceiveShadows: 1
  m_Materials:
  - {fileID: 10100, guid: 0000000000000000e000000000000000, type: 0}
  m_SubsetIndices: 
  m_StaticBatchRoot: {fileID: 0}
  m_UseLightProbes: 1
  m_ReflectionProbeUsage: 1
  m_ProbeAnchor: {fileID: 0}
  m_ScaleInLightmap: 1
  m_PreserveUVs: 0
  m_IgnoreNormalsForChartDetection: 0
  m_ImportantGI: 0
  m_MinimumChartSize: 4
  m_AutoUVMaxDistance: 0.5
  m_AutoUVMaxAngle: 89
  m_LightmapParameters: {fileID: 0}
  m_SortingLayerID: 0
  m_SortingOrder: 0
--- !u!4 &2060338503 stripped
Transform:
  m_PrefabParentObject: {fileID: 445126, guid: ae09db5c3deadba498474914349034e9, type: 2}
  m_PrefabInternal: {fileID: 872570814}
--- !u!1 &2086113175
GameObject:
  m_ObjectHideFlags: 0
  m_PrefabParentObject: {fileID: 0}
  m_PrefabInternal: {fileID: 0}
  serializedVersion: 4
  m_Component:
  - 4: {fileID: 2086113176}
  m_Layer: 0
  m_Name: shrooms
  m_TagString: Untagged
  m_Icon: {fileID: 0}
  m_NavMeshLayer: 0
  m_StaticEditorFlags: 0
  m_IsActive: 1
--- !u!4 &2086113176
Transform:
  m_ObjectHideFlags: 0
  m_PrefabParentObject: {fileID: 0}
  m_PrefabInternal: {fileID: 0}
  m_GameObject: {fileID: 2086113175}
  m_LocalRotation: {x: 0, y: 0, z: 0.7050676, w: 0.7091401}
  m_LocalPosition: {x: 226.53, y: 5.77, z: 0}
  m_LocalScale: {x: 0.22, y: 1, z: 1}
  m_Children:
  - {fileID: 307839130}
  - {fileID: 759510914}
  - {fileID: 919536550}
  - {fileID: 1631664110}
  - {fileID: 1975141894}
  m_Father: {fileID: 0}
  m_RootOrder: 13
--- !u!1001 &2099607314
Prefab:
  m_ObjectHideFlags: 0
  serializedVersion: 2
  m_Modification:
    m_TransformParent: {fileID: 1408508418}
    m_Modifications:
    - target: {fileID: 436464, guid: 70e9e02638f6bfa42bfa5d753b67d011, type: 2}
      propertyPath: m_LocalPosition.x
      value: 4.81992
      objectReference: {fileID: 0}
    - target: {fileID: 436464, guid: 70e9e02638f6bfa42bfa5d753b67d011, type: 2}
      propertyPath: m_LocalPosition.y
      value: 0.027760394
      objectReference: {fileID: 0}
    - target: {fileID: 436464, guid: 70e9e02638f6bfa42bfa5d753b67d011, type: 2}
      propertyPath: m_LocalPosition.z
      value: 0
      objectReference: {fileID: 0}
    - target: {fileID: 436464, guid: 70e9e02638f6bfa42bfa5d753b67d011, type: 2}
      propertyPath: m_LocalRotation.x
      value: 0
      objectReference: {fileID: 0}
    - target: {fileID: 436464, guid: 70e9e02638f6bfa42bfa5d753b67d011, type: 2}
      propertyPath: m_LocalRotation.y
      value: 0
      objectReference: {fileID: 0}
    - target: {fileID: 436464, guid: 70e9e02638f6bfa42bfa5d753b67d011, type: 2}
      propertyPath: m_LocalRotation.z
      value: 1
      objectReference: {fileID: 0}
    - target: {fileID: 436464, guid: 70e9e02638f6bfa42bfa5d753b67d011, type: 2}
      propertyPath: m_LocalRotation.w
      value: -0.00000016292068
      objectReference: {fileID: 0}
    - target: {fileID: 436464, guid: 70e9e02638f6bfa42bfa5d753b67d011, type: 2}
      propertyPath: m_RootOrder
      value: 5
      objectReference: {fileID: 0}
    - target: {fileID: 140968, guid: 70e9e02638f6bfa42bfa5d753b67d011, type: 2}
      propertyPath: m_Name
      value: canhao (5)
      objectReference: {fileID: 0}
    m_RemovedComponents: []
  m_ParentPrefab: {fileID: 100100000, guid: 70e9e02638f6bfa42bfa5d753b67d011, type: 2}
  m_IsPrefabParent: 0
--- !u!1001 &2105643637
Prefab:
  m_ObjectHideFlags: 0
  serializedVersion: 2
  m_Modification:
    m_TransformParent: {fileID: 0}
    m_Modifications:
    - target: {fileID: 466336, guid: e5eedbe726651bb4d8ce58bf6f220ab6, type: 2}
      propertyPath: m_LocalPosition.x
      value: 476.4516
      objectReference: {fileID: 0}
    - target: {fileID: 466336, guid: e5eedbe726651bb4d8ce58bf6f220ab6, type: 2}
      propertyPath: m_LocalPosition.y
      value: 15.56
      objectReference: {fileID: 0}
    - target: {fileID: 466336, guid: e5eedbe726651bb4d8ce58bf6f220ab6, type: 2}
      propertyPath: m_LocalPosition.z
      value: 0.09375
      objectReference: {fileID: 0}
    - target: {fileID: 466336, guid: e5eedbe726651bb4d8ce58bf6f220ab6, type: 2}
      propertyPath: m_LocalRotation.x
      value: 0
      objectReference: {fileID: 0}
    - target: {fileID: 466336, guid: e5eedbe726651bb4d8ce58bf6f220ab6, type: 2}
      propertyPath: m_LocalRotation.y
      value: 0
      objectReference: {fileID: 0}
    - target: {fileID: 466336, guid: e5eedbe726651bb4d8ce58bf6f220ab6, type: 2}
      propertyPath: m_LocalRotation.z
      value: 0
      objectReference: {fileID: 0}
    - target: {fileID: 466336, guid: e5eedbe726651bb4d8ce58bf6f220ab6, type: 2}
      propertyPath: m_LocalRotation.w
      value: 1
      objectReference: {fileID: 0}
    - target: {fileID: 466336, guid: e5eedbe726651bb4d8ce58bf6f220ab6, type: 2}
      propertyPath: m_RootOrder
      value: 1
      objectReference: {fileID: 0}
    m_RemovedComponents: []
  m_ParentPrefab: {fileID: 100100000, guid: e5eedbe726651bb4d8ce58bf6f220ab6, type: 2}
  m_IsPrefabParent: 0
--- !u!1001 &2118998420
Prefab:
  m_ObjectHideFlags: 0
  serializedVersion: 2
  m_Modification:
    m_TransformParent: {fileID: 2086113176}
    m_Modifications:
    - target: {fileID: 455370, guid: cc8ab7f4c0918fb468c80b0b017940c1, type: 2}
      propertyPath: m_LocalPosition.x
      value: -1.01
      objectReference: {fileID: 0}
    - target: {fileID: 455370, guid: cc8ab7f4c0918fb468c80b0b017940c1, type: 2}
      propertyPath: m_LocalPosition.y
      value: -121.24
      objectReference: {fileID: 0}
    - target: {fileID: 455370, guid: cc8ab7f4c0918fb468c80b0b017940c1, type: 2}
      propertyPath: m_LocalPosition.z
      value: -0.1
      objectReference: {fileID: 0}
    - target: {fileID: 455370, guid: cc8ab7f4c0918fb468c80b0b017940c1, type: 2}
      propertyPath: m_LocalRotation.x
      value: 0
      objectReference: {fileID: 0}
    - target: {fileID: 455370, guid: cc8ab7f4c0918fb468c80b0b017940c1, type: 2}
      propertyPath: m_LocalRotation.y
      value: 0
      objectReference: {fileID: 0}
    - target: {fileID: 455370, guid: cc8ab7f4c0918fb468c80b0b017940c1, type: 2}
      propertyPath: m_LocalRotation.z
      value: -0.7050676
      objectReference: {fileID: 0}
    - target: {fileID: 455370, guid: cc8ab7f4c0918fb468c80b0b017940c1, type: 2}
      propertyPath: m_LocalRotation.w
      value: 0.7091401
      objectReference: {fileID: 0}
    - target: {fileID: 455370, guid: cc8ab7f4c0918fb468c80b0b017940c1, type: 2}
      propertyPath: m_RootOrder
      value: 3
      objectReference: {fileID: 0}
    - target: {fileID: 189080, guid: cc8ab7f4c0918fb468c80b0b017940c1, type: 2}
      propertyPath: m_Name
      value: mushroom (3)
      objectReference: {fileID: 0}
    - target: {fileID: 0}
      propertyPath: player
      value: 
      objectReference: {fileID: 1136709608}
    - target: {fileID: 0}
      propertyPath: m_Enabled
      value: 0
      objectReference: {fileID: 0}
    - target: {fileID: 189080, guid: cc8ab7f4c0918fb468c80b0b017940c1, type: 2}
      propertyPath: m_Layer
      value: 0
      objectReference: {fileID: 0}
    m_RemovedComponents:
    - {fileID: 0}
  m_ParentPrefab: {fileID: 100100000, guid: cc8ab7f4c0918fb468c80b0b017940c1, type: 2}
  m_IsPrefabParent: 0
--- !u!1001 &2143825573
Prefab:
  m_ObjectHideFlags: 0
  serializedVersion: 2
  m_Modification:
    m_TransformParent: {fileID: 1678689844}
    m_Modifications:
    - target: {fileID: 445126, guid: ae09db5c3deadba498474914349034e9, type: 2}
      propertyPath: m_LocalPosition.x
      value: 145
      objectReference: {fileID: 0}
    - target: {fileID: 445126, guid: ae09db5c3deadba498474914349034e9, type: 2}
      propertyPath: m_LocalPosition.y
      value: -1.1
      objectReference: {fileID: 0}
    - target: {fileID: 445126, guid: ae09db5c3deadba498474914349034e9, type: 2}
      propertyPath: m_LocalPosition.z
      value: 0
      objectReference: {fileID: 0}
    - target: {fileID: 445126, guid: ae09db5c3deadba498474914349034e9, type: 2}
      propertyPath: m_LocalRotation.x
      value: 0
      objectReference: {fileID: 0}
    - target: {fileID: 445126, guid: ae09db5c3deadba498474914349034e9, type: 2}
      propertyPath: m_LocalRotation.y
      value: 0
      objectReference: {fileID: 0}
    - target: {fileID: 445126, guid: ae09db5c3deadba498474914349034e9, type: 2}
      propertyPath: m_LocalRotation.z
      value: 0
      objectReference: {fileID: 0}
    - target: {fileID: 445126, guid: ae09db5c3deadba498474914349034e9, type: 2}
      propertyPath: m_LocalRotation.w
      value: 1
      objectReference: {fileID: 0}
    - target: {fileID: 445126, guid: ae09db5c3deadba498474914349034e9, type: 2}
      propertyPath: m_RootOrder
      value: 2
      objectReference: {fileID: 0}
    - target: {fileID: 445126, guid: ae09db5c3deadba498474914349034e9, type: 2}
      propertyPath: m_LocalScale.x
      value: 197.89313
      objectReference: {fileID: 0}
    - target: {fileID: 445126, guid: ae09db5c3deadba498474914349034e9, type: 2}
      propertyPath: m_LocalScale.y
      value: 0.42116013
      objectReference: {fileID: 0}
    - target: {fileID: 445126, guid: ae09db5c3deadba498474914349034e9, type: 2}
      propertyPath: m_LocalScale.z
      value: 1
      objectReference: {fileID: 0}
    - target: {fileID: 162020, guid: ae09db5c3deadba498474914349034e9, type: 2}
      propertyPath: m_Name
      value: platform (2)
      objectReference: {fileID: 0}
    m_RemovedComponents: []
  m_ParentPrefab: {fileID: 100100000, guid: ae09db5c3deadba498474914349034e9, type: 2}
  m_IsPrefabParent: 0
--- !u!1001 &2144554455
Prefab:
  m_ObjectHideFlags: 0
  serializedVersion: 2
  m_Modification:
    m_TransformParent: {fileID: 0}
    m_Modifications:
    - target: {fileID: 478834, guid: 19a7400f23aa7ed438512e28b981a91f, type: 2}
      propertyPath: m_LocalPosition.x
      value: -4.62
      objectReference: {fileID: 0}
    - target: {fileID: 478834, guid: 19a7400f23aa7ed438512e28b981a91f, type: 2}
      propertyPath: m_LocalPosition.y
      value: -2.8
      objectReference: {fileID: 0}
    - target: {fileID: 478834, guid: 19a7400f23aa7ed438512e28b981a91f, type: 2}
      propertyPath: m_LocalPosition.z
      value: -0.024999999
      objectReference: {fileID: 0}
    - target: {fileID: 478834, guid: 19a7400f23aa7ed438512e28b981a91f, type: 2}
      propertyPath: m_LocalRotation.x
      value: 0
      objectReference: {fileID: 0}
    - target: {fileID: 478834, guid: 19a7400f23aa7ed438512e28b981a91f, type: 2}
      propertyPath: m_LocalRotation.y
      value: 0
      objectReference: {fileID: 0}
    - target: {fileID: 478834, guid: 19a7400f23aa7ed438512e28b981a91f, type: 2}
      propertyPath: m_LocalRotation.z
      value: -0.7077236
      objectReference: {fileID: 0}
    - target: {fileID: 478834, guid: 19a7400f23aa7ed438512e28b981a91f, type: 2}
      propertyPath: m_LocalRotation.w
      value: 0.7064894
      objectReference: {fileID: 0}
    - target: {fileID: 478834, guid: 19a7400f23aa7ed438512e28b981a91f, type: 2}
      propertyPath: m_RootOrder
      value: 9
      objectReference: {fileID: 0}
    - target: {fileID: 6179104, guid: 19a7400f23aa7ed438512e28b981a91f, type: 2}
      propertyPath: m_Offset.x
      value: -0.13587831
      objectReference: {fileID: 0}
    - target: {fileID: 6179104, guid: 19a7400f23aa7ed438512e28b981a91f, type: 2}
      propertyPath: m_Size.x
      value: 0.2407643
      objectReference: {fileID: 0}
    - target: {fileID: 191782, guid: 19a7400f23aa7ed438512e28b981a91f, type: 2}
      propertyPath: m_Name
      value: destroyer (1)
      objectReference: {fileID: 0}
    - target: {fileID: 6179104, guid: 19a7400f23aa7ed438512e28b981a91f, type: 2}
      propertyPath: m_Offset.y
      value: 0.000010371221
      objectReference: {fileID: 0}
    m_RemovedComponents: []
  m_ParentPrefab: {fileID: 100100000, guid: 19a7400f23aa7ed438512e28b981a91f, type: 2}
  m_IsPrefabParent: 0
